2748 4454
209 317 271 380 114
580 390 585 396 ι
600 317 761 374 conlidit!
778 317 891 372 'l'AGl'l'l
1153 326 1220 386 (cu.
1235 331 1291 373 812

88 459 94 474 ,
207 481 356 545 blisenum
379 476 550 556 praefectus
571 482 602 536 et
623 473 771 554 pueritiae
791 474 922 537 Neronis
943 474 1088 540 educator
1109 493 1145 536 ac
1166 479 1291 542 mutuis

209 565 290 627 ediis
312 560 495 641 Agrippinae
517 559 643 622 invisus.
673 558 751 636 Ergo
775 577 878 620 nauem
901 562 995 638 posse
1016 561 1157 638 componi
1173 563 1287 635 docet,

210 649 297 711 cuius
318 666 390 727 pars
410 646 479 725 ipso
501 643 533 704 in
555 643 630 704 mari
653 661 708 722 per
722 651 817 704 artem
831 643 930 705 soluta
942 643 1111 706 effunderet
1131 644 1286 722 ignaram.

207 732 290 794 llibil
312 740 373 792 um
396 748 489 809 capax
509 727 700 791 fortuitorum
722 745 810 806 quam
826 745 926 802 mare3
948 737 980 789 et
1001 729 1028 789 si
1049 729 1209 807 naufragio
1234 732 1285 794 in·

207 825 342 898 tercepta
375 814 429 887 sit,
467 812 661 892 quamtadeo
689 811 831 891 iniquum·
848 820 881 874 ut
902 812 1012 874 sceleri
1034 812 1173 890 adsignet
1197 818 1309 895 quoda

207 899 290 964 renti
312 910 343 962 et
364 900 473 959 linctus
495 894 702 976 deliquerint?
726 895 903 958 Additurum
925 897 1095 976 principem
1118 898 1285 962 deiunctae

177 983 354 1063 dtetnplum
375 992 407 1043 et
427 1001 495 1044 aras
516 991 548 1042 et
570 990 671 1065 cetera
692 981 889 1043 ostentandae
911 981 1027 1060 pietati.
1077 981 1195 1044 Placuit
1216 986 1284 1045 sol·

207 1067 465 1146 lertia,'tempore
486 1065 671 1137 etiamiuta,
695 1066 814 1144 quando
838 1065 1078 1144 Quinquatruum
1101 1066 1196 1128 festos
1212 1068 1283 1130 dies

207 1153 287 1232 apud
308 1149 396 1212 Raias
419 1150 660 1228 frequentabat,
682 1149 757 1210 llluc
778 1159 903 1231 matrem
926 1149 1023 1223 elicit,
1057 1151 1198 1212 ferendas
1217 1172 1283 1232 pa-

208 1235 339 1298 rentium
361 1234 587 1298 iracundiaset
607 1233 786 1312 placandum
809 1234 940 1295 animum
964 1233 1121 1304 dictitans,
1145 1248 1321 1314 quomo-10

105 1317 109 1324 ’
207 1337 323 1382 morum
343 1318 601 1380 reconciliationis
622 1319 772 1391 efficeret,
795 1317 1007 1396 acciperetque
1029 1319 1210 1397 Agrippina,
1232 1321 1282 1388 fa-

206 1402 261 1463 cili
298 1403 475 1464 seminarum
503 1400 679 1463 credulitate
714 1401 751 1462 ad
781 1401 898 1478 pudic.
958 1401 1134 1464 Venientem
1169 1404 1284 1478 debinc

208 1485 314 1548 obvim
335 1487 368 1548 in
389 1487 477 1548 litora
500 1489 581 1559 (narn
593 1483 684 1548 Antio
698 1485 886 1561 adventabat)
909 1488 1028 1565 excepit
1041 1505 1131 1548 manu
1145 1496 1177 1549 et
1192 1507 1281 1550 cona-

205 1569 297 1651 plaxu
317 1571 461 1650 ducitque
482 1567 602 1631 Baulos.
634 1616 638 1624 s
656 1569 690 1630 ld
711 1569 799 1632 sillae
821 1588 931 1632 nomen
960 1579 1007 1632 est
1021 1589 1104 1656 *quae
1132 1590 1281 1650 promun-

206 1654 324 1716 torium·
339 1656 486 1734 Misenum
509 1655 588 1715 inter
609 1661 640 1716 et
660 1654 806 1715 Baianum
826 1653 924 1716 lacum
946 1655 1023 1715 dexo
1047 1655 1120 1716 mari
1144 1656 1279 1719 alluitur.
1292 1668 1317 1718 15

207 1738 313 1800 Stabat
333 1740 414 1801 inter
435 1739 510 1800 alias
533 1737 617 1800 navia
637 1740 791 1811 ornatior,
829 1747 977 1818 tamquam
1007 1739 1038 1799 id
1067 1747 1188 1820 quoque
1219 1741 1279 1802 bo·

207 1821 275 1884 nori
303 1824 409 1885 matris
437 1824 573 1884 daretur:
601 1823 721 1902 quippe
753 1835 892 1890 sueverat
914 1819 1029 1884 triremi
1052 1831 1082 1883 et
1090 1824 1128 1888 ,cl
1169 1825 1277 1897 ,urio-

205 1921 271 1970 rum
293 1907 420 1985 remigio
443 1907 520 1967 vehi.
550 1908 592 1967 llo
615 1918 678 1968 tum
700 1907 821 1969 inritata
841 1907 880 1969 ad
904 1908 1007 1986 epu-las
1029 1914 1102 1979 erat,
1162 1909 1277 1971 'ocurl-
1348 1913 1349 1966 ἶ

206 1992 299 2053 tando
322 1991 449 2052 lacinori
472 2009 531 2051 nex
546 1989 749 2053 adhiberetur.
784 1992 865 2052 Satis
886 1991 1032 2069 constitit
1046 1991 1181 2054 extitisse
1201 2011 1277 2071 pro-

206 2075 344 2147 ditorem,
362 2085 392 2138 et
402 2075 598 2154 Agrippinam
612 2074 725 2135 auditis
740 2075 870 2146 insidiis,
887 2093 925 2136 an
940 2075 1077 2138 crederet
1091 2075 1315 2153 ambiguamuo

203 2159 373 2238 mumius
395 2160 488 2220 sellae
510 2158 598 2219 Baias
618 2165 801 2236 porrectam.
846 2157 903 2224 lbi,
915 2158 1150 2222 blandimentum
1172 2159 1277 2225 suble-

187 2243 284 2312 ,rarit
319 2252 447 2304 metum:
484 2243 613 2302 comiter
640 2250 765 2318 excepta
799 2259 952 2320 superque
980 2243 1080 2322 ipsum
1116 2243 1273 2308 coboeata.
1299 2247 1302 2260 “

203 2325 266 2386 lam
282 2326 428 2403 pluribus
451 2324 642 2386 sermonibus
665 2323 755 2384 modo
778 2325 981 2388 familiaritate
1003 2321 1126 2389 iuuenili
1140 2329 1220 2390 Nero
1243 2338 1274 2390 et

203 2412 309 2468 iaarsus
332 2409 492 2478 adductus,
527 2406 613 2485 quasi
636 2407 715 2468 seria
738 2409 945 2482 consociaret,
978 2420 1073 2473 tracto
1097 2412 1129 2474 in
1140 2414 1271 2490 longum

157 2503 167 2516 ·
204 2490 351 2563 convictu,
375 2491 570 2574 prosequitur
591 2491 761 2565 abeuntem,
782 2493 877 2555 artius
893 2494 990 2556 oculis
1012 2506 1043 2556 et
1062 2496 1180 2574 pectori
1199 2498 1309 2558 uae-as

203 2593 289 2648 rens,
327 2577 390 2638 sive
423 2575 569 2655 explenda
598 2575 805 2651 simulatione,
838 2597 892 2640 seu
920 2580 1072 2659 periturae
1095 2582 1199 2642 matris
1222 2600 1272 2642 su·
1346 2613 1347 2624 ι

172 2664 326 2742 apr-emus
349 2670 488 2742 aspectus
512 2660 646 2740 quamue
669 2662 765 2722 lerum
788 2664 919 2725 animum
943 2664 1102 2726 retinebat.
1121 2723 1124 2732 ,
1146 2666 1271 2726 Noctem

204 2744 355 2808 sideribus
377 2747 526 2808 illustrem
559 2754 590 2807 et
617 2746 737 2828 placido
759 2747 835 2809 mari
858 2749 1005 2828 quietam,
1040 2749 1127 2826 quasi
1150 2749 1279 2810 corvin:

204 2829 332 2893 cendum
363 2831 400 2894 ad
431 2831 546 2905 scelus,
580 2831 622 2892 dii
645 2831 822 2911 praebuere.
880 2831 942 2893 Nec
965 2830 1088 2892 multum
1111 2841 1177 2894 erat
1199 2851 1270 2912 pro·
1345 2885 1346 2888 ,

233 2991 262 3048 4.
300 2999 323 3048 8.
343 2997 569 3061 Quinquatruum,
587 2998 648 3047 Fest
664 2999 712 3047 der
796 2998 838 3047 at.
856 2998 1004 3060 gestamine
1019 2991 1119 3054 sellae,
1141 2993 1211 3047 niebt
1230 3001 1277 3051 anf

199 3059 327 3118 Minerva,
349 3077 389 3112 am
407 3066 483 3116 luten
499 3063 570 3113 Mira
594 3065 644 3111 und
662 3064 711 3112 den
761 3063 817 3112 dem
835 3062 877 3110 liar
894 3062 932 3110 sie
949 3059 1168 3110 bercitstelenden
1183 3063 1270 3126 Senta,

199 3124 334 3186 folgenden
351 3131 368 3178 4
385 3127 481 3190 Tagen.
512 3128 608 3185 Baiae
623 3128 667 3189 lag
684 3129 710 3177 in
761 3141 800 3176 um
819 3127 861 3175 die
879 3126 975 3176 Gelabr
991 3142 1021 3176 au
1039 3127 1194 3180 vermeiden.

189 3191 359 3256 1Ειιιηιιιιίει.
793 3185 1272 3252 izcorniter-collocatubieseldo-

233 3258 454 3322 luplocanduan
471 3261 599 3316 anianum,
619 3260 732 3319 selaeu,
759 3259 877 3312 minative
896 3261 951 3312 sind
969 3262 1115 3328 Apposition
1140 3281 1171 3315 ao
1196 3268 1271 3318 blun-

130 3357 133 3363 t
201 3323 298 3386 cigneo.
674 3338 679 3346 “
761 3327 907 3378 diruendum
934 3351 969 3376 ==
1000 3331 1055 3381 ‘der
1072 3329 1190 3383 Umstarld
1210 3336 1269 3387 dnss
1343 3335 1344 3344 ’

223 3393 272 3448 Χ11.
297 3393 431 3456 acciperat
457 3391 600 3451 ‘annibme',
636 3393 707 3444 dir.
760 3393 805 3444 sie’
824 3411 847 3444 u
868 3411 889 3446 s.
910 3413 944 3447 w.
983 3398 1009 3449 S.
1030 3415 1061 3448 au
1079 3398 1136 3450 Xll.
1157 3402 1199 3452 35.
1229 3401 1267 3454 Da

196 3457 379 3512 ibn-Glaubeu
397 3459 514 3510 sebenke.
760 3461 815 3512 also
833 3463 870 3514 sie
894 3460 970 3516 sebon
995 3465 1204 3518 blandimentum
1228 3486 1268 3521 er-

233 3527 272 3578 13.
291 3528 403 3576 Antium
420 3528 445 3576 iu
462 3527 563 3578 Latium
581 3528 706 3582 amMeer.
760 3529 856 3591 liliren,
879 3549 907 3584 so
926 3534 991 3584 kann
1010 3534 1079 3584 niebt
1096 3533 1266 3598 lortgclnlareri
1293 3547 1309 3580 v

214 3596 272 3649 ⁵15.
290 3595 426 3644 duonum
443 3595 539 3646 lacuna.
575 3595 705 3656 Derselbe,
759 3600 864 3649 werden
893 3599 965 3652 Nam
987 3601 1111 3667 pluribus
1133 3617 1157 3651 u.
1178 3620 1199 3653 s.
1219 3620 1262 3662 w.,

100 3715 103 3720 Δ
196 3660 309 3712 welcber
325 3665 380 3713 cb
405 3663 451 3713 mit
467 3663 562 3714 seinem
580 3665 709 3727 biubpern
760 3666 810 3716 wie
829 3667 938 3718 dieHds.
959 3670 1009 3726 bat,
1031 3669 1141 3719 sondcrn
1158 3684 1266 3723 csmuss

195 3723 293 3782 Numen
318 3719 454 3782 Lucrirc'au
490 3739 599 3792 genennt
634 3733 708 3783 wird.
760 3733 818 3784 Iam
836 3735 949 3784 beissen:
974 3737 1062 3796 ‘danu’,
1088 3736 1201 3787 writer.
1341 3785 1342 3811 ,

196 3795 280 3850 Fleuo
298 3799 370 3848 muri
386 3797 425 3849 ins
444 3798 529 3857 Laod,
564 3799 709 3851 'von'eiuer
794 3803 834 3852 24.
856 3802 995 3853 adductam.
1033 3803 1059 3854 S.
1080 3819 1111 3853 zu
1128 3803 1185 3855 Xll.
1205 3808 1231 3858 l.

196 3859 276 3914 Bnobt
293 3864 338 3914 des
355 3864 394 3915 Μ’.
793 3869 835 3919 26.
856 3869 989 3934 cupiendo
1000 3871 1178 3922 umntau‘one.
1198 3871 1225 3924 S.
1235 3889 1265 3923 an

165 3937 172 3946 “
232 3931 270 3979 18.
289 3933 404 3982 inuitato
421 3933 712 4000 adepulucnncbllnid,
759 3931 801 3985 lll.
825 3935 863 3986 19.
1340 3959 1341 3990 r
