2550 4350
140 263 201 326 108

450 332 454 338 ¹
528 272 673 326 CORNELI
691 273 805 326 raeiri

1085 281 1203 340 (uuiti)

139 429 221 508 Syria
251 437 337 506 atque
363 425 485 497 iudaea,
519 428 615 488 fessae
646 427 803 501 oneribus,
839 428 1072 489 deminutionem
1101 429 1203 490 tributi

84 516 127 578 43
139 513 273 575 orabant.
310 511 402 589 Igitur
417 511 489 572 haec
504 519 533 571 et
548 512 584 572 de
598 512 735 572 Armenia
758 531 833 590 quae
855 531 944 591 supra
961 513 1120 574 memoravi
1135 524 1206 593 aput

39 641 42 650 .
136 606 238 678 patres
262 595 420 668 disseruit,
450 614 505 655 uec
525 612 615 673 posse
637 605 749 657 motum
773 596 927 658 Orientem
956 596 1014 657 uisi
1037 597 1205 659 Germanioi

60 710 62 717 ¹
137 681 281 760 sapientia
304 679 447 758 conponi:
470 697 537 739 nam
560 699 645 740 suam
667 689 791 741 aetatem
806 699 938 758 vergere,
960 681 1048 742 Drusi
1071 682 1204 743 nondum

137 766 211 828 setis
234 763 409 826 adolevisse.
454 763 538 824 Tunc
559 764 678 825 decreto
701 774 816 844 patrum
838 765 1003 843 permissae
1026 765 1231 827 Germanicos

136 849 306 931 provinciae
329 867 402 927 quae
425 847 498 907 mari
526 848 709 922 dividuntur,
739 849 894 926 maiusque
921 849 1095 929 imperium,
1125 869 1203 928 quo·

135 953 195 1014 quo
219 934 340 1004 adisset,
364 951 449 1011 quam
472 931 507 992 iis
529 933 578 1010 qui
596 943 678 994 sorte
694 941 745 994 aut
759 932 850 993 missu
866 933 1007 1012 principis
1023 933 1202 994 obtinerent.

137 1018 197 1079 Sed
221 1017 357 1079 'liberius
380 1017 549 1079 demoverat
563 1017 645 1096 Syria
662 1017 806 1078 Creticum
824 1017 966 1089 Silanum,
991 1035 1045 1095 per·
1065 1017 1202 1078 adfinita-

137 1111 197 1167 tem
220 1120 365 1163 conexum
388 1101 580 1174 Germanice,
609 1102 676 1179 quia
699 1101 790 1162 Silani
820 1101 877 1162 tilia
899 1101 1026 1174 Neroni,
1059 1101 1203 1176 vetustis,-

136 1188 213 1249 simo
236 1186 396 1246 liberorum
420 1186 494 1258 eius,
517 1194 599 1264 pacta
623 1195 696 1258 erat,
717 1187 959 1264 praefeceratque
982 1185 1034 1246 Cn.
1050 1186 1202 1259 Pisonem,
1217 1198 1244 1247 ιθ

140 1272 260 1350 ingenio
282 1269 442 1330 violentum
467 1278 496 1330 et
518 1270 652 1348 obsequii
675 1271 828 1348 ignarum,
842 1270 931 1331 insita
953 1270 1064 1330 ferocia
1085 1289 1101 1330 a
1122 1280 1207 1348 patre

137 1355 259 1427 Pisone,
283 1354 331 1432 qui
355 1354 430 1414 cirili
452 1354 529 1414 bello
552 1363 743 1432 resurgentes
765 1355 794 1414 in
817 1356 914 1415 Africa
936 1363 1035 1433 partes
1058 1355 1205 1414 acerrimo

137 1439 305 1503 ministerio
328 1438 469 1500 adversus
493 1437 648 1499 Caesarem
671 1438 757 1509 iuvit,
781 1458 850 1498 mox
872 1438 995 1499 Brutum
1019 1447 1048 1498 et
1070 1438 1206 1500 Cassium

138 1517 258 1585 secutias
281 1541 426 1583 concesso
450 1522 545 1582 reditu
572 1522 717 1601 petitione
745 1523 893 1583 honorum
922 1521 1078 1594 abstinuit,
1111 1523 1208 1584 donec

136 1608 215 1668 ultro
238 1607 400 1668 ambiretur
422 1607 549 1668 delatum
566 1606 602 1666 ab
617 1605 750 1686 Augusto
767 1608 950 1667 consulatum
966 1607 1110 1686 accipere.
1144 1607 1202 1668 Sed
1217 1618 1245 1668 li

138 1701 257 1772 praeter
278 1699 418 1768 paternos
443 1690 565 1768 spiritus
596 1691 698 1751 uxoris
727 1710 845 1769 quoque
867 1691 1023 1751 Plancinae
1051 1690 1206 1752 nobilitate

138 1785 170 1837 et
192 1775 297 1854 opibus
321 1775 550 1848 accendebatur3
582 1776 630 1834 vix
652 1775 772 1836 'liberio
796 1776 976 1856 concedere,
1003 1775 1115 1836 liberos
1140 1775 1204 1836 eius

95 1907 98 1919 .
138 1868 173 1922 ut
193 1860 316 1920 multum
339 1861 412 1920 infra
434 1859 616 1937 despectare.
649 1859 710 1920 Nec
725 1860 845 1920 dubium
862 1858 987 1919 babebat
1002 1878 1034 1919 se
1049 1859 1205 1932 delectum,

139 1944 191 2022 qui
214 1944 316 2022 Syriae
337 1945 551 2023 imponeretur,
575 1944 610 2003 ad
633 1962 703 2022 spes
719 1944 884 2004 Germanioi
907 1944 1096 2004 coercendas.
1132 1943 1205 2005 Cre-

140 2029 241 2089 didere
263 2029 380 2106 quidam
403 2029 469 2089 data
499 2037 529 2088 et
549 2047 566 2087 a
589 2028 709 2088 Tiberio
739 2028 851 2088 occulta
878 2028 1030 2101 niandata3
1063 2037 1092 2088 et
1113 2028 1245 2090 Plan-bo

136 2113 232 2174 cinam
255 2113 330 2174 baud
354 2112 442 2173 dubie
456 2114 587 2188 Angusta
603 2113 718 2172 monuit
733 2107 929 2172 aemulatione
944 2111 1081 2172 muliebri
1095 2113 1204 2191 Agrip·

139 2198 238 2276 pinam
261 2197 435 2258 insectandi.
475 2197 573 2256 Divisa
597 2215 724 2275 namque
746 2206 775 2257 et
797 2196 911 2256 discors
934 2197 1000 2256 aula
1023 2204 1087 2257 erat
1107 2198 1205 2259 tacitis

139 2281 170 2341 in
185 2282 313 2343 Drusum
336 2290 386 2342 aut
401 2280 607 2342 Germanicum
631 2280 748 2341 studiis.
785 2279 923 2342 Tiberius
946 2290 978 2343 ut
999 2280 1153 2360 proprium
1177 2290 1207 2342 et

137 2475 218 2601 C43.
243 2485 265 2534 2.
293 2498 361 2548 qaae
386 2496 469 2547 supra
492 2482 644 2530 memoravi.

171 2620 194 2667 Ἰ.
213 2620 260 2682 qai
283 2621 354 2667 sorte
379 2620 427 2665 aet
449 2618 532 2665 missii
556 2617 644 2681 prino.

136 2684 164 2736 S.
186 2683 217 2735 zu
236 2685 309 2737 lat.

171 2755 193 2804 8.
215 2752 345 2802 Creticam
364 2749 494 2800 Silanum.
538 2749 564 2800 S.
586 2752 644 2801 cd.

136 2819 174 2870 Er
197 2835 254 2869 war
278 2819 356 2869 durch
380 2818 504 2883 Adoptioa
531 2833 576 2866 aus
601 2818 648 2866 der

136 2887 241 2937 Fumilie
269 2887 315 2936 der
340 2886 414 2935 lunii
439 2885 528 2934 Silani
554 2884 579 2932 iu
605 2885 646 2934 die

101 3004 109 3012 ,
135 2953 184 3003 der
203 2952 312 3002 Caecilii
321 2952 423 3001 Metelli
435 2952 580 3012 gekomrnen
595 2952 644 3001 und

136 3019 204 3069 biess
228 3019 271 3067 ruit
289 3019 378 3066 vollem
396 3015 491 3067 Numen
511 3017 539 3081 Q.
557 3018 646 3069 Caeci-

133 3086 189 3135 liae
205 3084 327 3135 Metellus
339 3083 463 3148 Cretaea,
480 3083 515 3134 M.
528 3085 557 3147 fi,
576 3085 646 3138 Sila-

133 3169 186 3203 παι
204 3157 277 3215 (Anu.
299 3150 355 3201 dell'
372 3151 576 3216 insexxlen.
609 3157 646 3206 Dr

40 3230 42 3234 “
135 3235 193 3270 war
212 3220 303 3269 Consul
321 3223 335 3270 'l
356 3236 379 3269 u.
396 3219 440 3270 cn.
479 3221 647 3289 Syrieurer·

136 3287 240 3338 waltere
265 3302 294 3336 cr
317 3288 366 3338 scit
392 3292 419 3339 ll
441 3306 464 3339 a.
484 3289 527 3340 Cb.
554 3292 643 3350 (Delli.

133 3355 161 3405 d.
182 3371 206 3404 a.
227 3354 346 3415 litero).
394 3356 440 3407 Die
464 3357 645 3422 beobsicbtigte

135 3423 240 3474 lleirath
285 3425 329 3473 des
364 3422 433 3475 Nero
476 3427 526 3475 uad
562 3427 646 3476 seiuer

133 3488 246 3609 iliochtcr
263 3492 320 3541 kam
338 3492 405 3543 nicht
422 3509 451 3542 zu
474 3493 578 3544 Stande.
615 3491 642 3542 S.

171 3629 209 3678 12.
234 3634 402 3692 resurgentes
428 3630 457 3677 in
482 3626 579 3686 Africa
607 3639 644 3689 p,

135 3696 198 3744 auob
221 3696 267 3744 der
291 3696 407 3745 Selilaobt
432 3693 473 3742 bei
497 3689 641 3750 Pharsalus,

133 3764 166 3813 47
182 3765 252 3822 ιι.,46
265 3779 289 3811 v.
301 3763 345 3813 cl.
383 3762 411 3811 B.
432 3759 487 3809 Alr.
508 3760 532 3809 3.
545 3760 585 3810 18.

169 3832 208 3880 14.
225 3832 355 3894 petitione
378 3829 470 3877 bonor.
495 3825 560 3875 abet.
598 3825 644 3876 Die

130 3894 223 3946 Mdaze
240 3896 282 3946 bei
298 3895 412 3946 Vaillaut
434 3889 532 3942 Numm.
554 3893 611 3943 laur.
633 3893 644 3945 l

696 2477 747 2530 tab.
762 2482 803 2538 19,
833 2483 938 2531 wonacb
963 2497 1019 2532 man
1043 2477 1162 2532 ariaimmt
1180 2497 1210 2532 er

697 2547 734 2597 sci
760 2549 792 2597 30
810 2563 834 2596 v.
845 2549 889 2598 Ch.
915 2549 989 2598 Aedil
1014 2564 1146 2611 genesen,
1176 2550 1209 2600 ist

697 2615 789 2664 uncebt
806 2615 856 2675 lein
869 2615 960 2678 Goltz).
988 2619 1112 2667 Percussi.
1144 2615 1208 2666 Con-

698 2681 737 2799 su}
754 2697 811 2732 war
828 2698 857 2733 er
875 2685 907 2736 23
918 2700 942 2734 v.
953 2684 997 2735 Cb.
1017 2683 1063 2733 nili
1080 2687 1208 2745 Augustus

698 2751 785 2801 sebst.

736 2821 772 2869 16.
790 2818 942 2868 Plancinae.
969 2818 994 2867 S.
1011 2834 1042 2868 zu
1052 2818 1072 2867 l.
1082 2821 1124 2870 39.
1156 2818 1209 2869 Der

696 2886 820 2936 roiriiscbe
832 2886 895 2936 noel
912 2886 1016 2936 berubte
1034 2886 1082 2935 aui
1095 2887 1143 2935 deu
1160 2901 1209 2936 von

697 2953 745 3004 deu
764 2953 906 3004 Vorlebren
930 2953 1087 3004 belrleideten
1113 2955 1207 3004 bibere

697 3021 890 3072 Staatsdaatern.
937 3019 984 3069 Die
1016 3020 1084 3069 ibres
1113 3019 1208 3072 Vaters

696 3088 751 3151 gibt
778 3089 847 3139 seiae
876 3086 1035 3136 Grabscbril'c
1062 3101 1092 3135 zu
1126 3086 1209 3141 Gaetu

696 3156 818 3214 tbiorums.
835 3155 854 3204 l.
867 3154 897 3203 R.
908 3150 940 3202 N.
952 3154 1043 3214 4089l:
1064 3151 1094 3202 L.
1110 3153 1209 3209 Mana-

698 3226 757 3286 tiaa,
775 3221 805 3271 L.
823 3220 853 3284 fi,
870 3219 900 3270 L.
919 3236 954 3285 ra,
972 3219 1001 3269 L.
1018 3235 1107 3285 pron,
1126 3223 1208 3275 Plan·

698 3305 757 3352 aaa,
776 3303 843 3350 coe,
861 3303 944 3351 eene,
971 3291 1133 3353 implerator)
1160 3295 1208 3341 ite·

696 3359 788 3417 rium),
822 3354 877 3406 VH
897 3358 941 3405 vir
958 3355 1131 3421 opulentum).
1159 3361 1207 3408 tri·

696 3422 850 3487 aeanptbavit)
874 3439 909 3473 erc
924 3421 1023 3488 Raetia,
1049 3425 1140 3474 aedera
1158 3424 1207 3477 Sa-

697 3493 773 3541 turni
788 3489 854 3551 seeit
871 3490 903 3540 de
919 3492 1040 3555 manibts,
1068 3508 1150 3556 agros
1167 3493 1207 3543 di-

695 3561 759 3608 eieit
773 3559 802 3607 in
814 3557 896 3608 italio
906 3557 1058 3623 Beneventi,
1076 3562 1105 3609 in
1117 3558 1207 3611 Gallio

696 3625 815 3676 coloniae
838 3623 951 3674 deame
974 3624 1157 3691 Lugudunum
1181 3632 1208 3677 et

694 3690 847 3743 Raurioam.

729 3761 768 3811 22.
787 3758 943 3809 insectandi.
963 3760 1110 3813 saulae
1133 3761 1205 3812 Hier·

694 3841 725 3876 zu
749 3826 838 3888 gebirt
865 3828 1044 3879 emulatione
1072 3829 1204 3895 muliebri,

694 3892 761 3965 nicht
778 3908 809 3954 zu
826 3897 937 3946 monuit.
