2550 4350
114 269 155 331 74
169 288 179 317 ,-
504 275 663 329 connum
681 277 793 330 rncrrr
1056 259 1124 353 (esu
1136 287 1187 342 ιιι
1204 304 1207 309 -

114 432 230 494 foribus
252 432 318 493 velo
341 432 486 502 discreta,
511 433 591 511 quod
613 432 709 493 visum
731 441 861 504 arceret,
892 434 1009 493 auditus
1032 451 1095 494 nou
1119 435 1186 496 adi-

113 525 218 578 meret.
248 517 343 589 ·Quin
377 526 407 577 et
439 516 546 594 iugatis
576 517 784 578 Armeniorum
817 535 938 577 causam
968 516 1067 594 gentis
1101 521 1185 597 apud

85 599 89 604 ’
111 600 261 664 Neronem
285 602 441 662 orantibus
456 602 622 662 escendere
637 617 809 678 suggestum
826 600 1018 678 imperatoris
1041 610 1072 662 et
1094 621 1184 680 prae-

112 685 212 746 sidere
235 685 323 746 simui
347 686 486 765 perabat,
514 686 574 747 nisi
596 687 707 746 ceteris
728 704 838 764 pavore
861 685 966 744 defixis
987 686 1107 747 Seneca
1129 688 1185 748 ad·

113 769 289 840 monuisset,
312 771 443 831 venienti
467 770 553 831 matri
577 779 759 831 occurreret.
789 771 832 831 lta
854 770 956 848 specie
978 770 1103 848 pietatis
1127 771 1208 833 obe

77 894 82 898 -
112 854 189 916 viam
212 854 285 914 itum
308 855 460 916 dedecori.

83 941 102 1001 6
197 938 271 999 Fine
305 940 375 999 anni
405 938 533 999 turbidis
561 938 733 1000 rumoribus
760 938 938 1017 prorupisse
964 956 1085 1000 rursum
1108 939 1183 1001 Por·

113 1022 182 1082 tiaoo
215 1032 245 1082 et
266 1024 331 1100 rapi
353 1023 524 1084 Armeniam
547 1022 667 1083 allatu·
698 1033 759 1092 est,
792 1023 880 1100 pulso
902 1023 1095 1095 Radamisto,
1130 1026 1185 1105 qui

113 1124 204 1185 saepe
228 1107 311 1182 regni
336 1107 400 1167 eius
423 1108 554 1186 potitus,
585 1107 671 1167 dein.
684 1107 845 1185 profugus,
885 1115 945 1167 tum
967 1105 1081 1167 betium
1106 1127 1183 1186 quo·

112 1208 171 1268 quo
194 1191 377 1252 deseruerat.
436 1191 531 1268 igitur
552 1192 583 1250 in
607 1191 680 1251 urbe
701 1208 874 1250 sermonum
896 1190 998 1263 arida,
1032 1194 1178 1270 quemod-
1193 1204 1220 1254 td

112 1274 233 1335 modum
264 1270 408 1354 princeps
434 1277 480 1335 vir
510 1274 721 1354 septendecim
738 1293 834 1334 aenos
857 1291 999 1351 egressus
1022 1277 1183 1355 suscipere

112 1376 178 1419 eam
199 1359 308 1419 molem
332 1370 382 1420 aut
405 1359 582 1438 propulsare
613 1367 733 1436 posset,
768 1359 849 1436 quod
880 1358 1050 1420 subsidium
1078 1359 1116 1422 in
1141 1380 1182 1423 eo

112 1443 163 1521 qui
186 1461 201 1504 a
225 1443 524 1520 temtuaoegeretur,
547 1461 618 1503 nuru
641 1442 756 1520 proelia
779 1461 900 1521 qaaoque
923 1452 953 1505 et
976 1443 1182 1521 obpugnatio·

111 1545 167 1587 nes
196 1528 313 1588 urbium
343 1537 375 1588 et
402 1537 501 1589 cetera
524 1526 594 1588 beili
618 1546 673 1606 per
694 1529 856 1603 magistros
878 1527 1085 1589 administrari
1107 1549 1181 1610 pos·

111 1619 193 1681 cent,
225 1612 433 1691 anquirebant.
489 1611 601 1673 Contra
630 1611 682 1673 alii
711 1611 817 1672 meiius
851 1611 990 1681 evenisse
1021 1611 1218 1693 dissertantis

110 1712 199 1773 quam
232 1697 259 1756 si
292 1695 438 1758 invalidus
467 1707 603 1758 senecta·
621 1706 653 1759 et
679 1695 796 1773 ignaria
819 1695 962 1757 Claudius
990 1696 1119 1778 miiitiae
1140 1701 1179 1763 ad

110 1779 230 1841 iabores
252 1789 423 1851 vocaretur,
453 1781 613 1843 serviiibus
634 1781 726 1841 iussis
749 1780 1032 1859 obtemperaturus·
1049 1782 1181 1849 Burrum

110 1873 209 1925 tanen
232 1874 261 1925 et
279 1866 429 1928 Senecam
451 1867 611 1928 muitarum
632 1872 732 1925 'rerum
758 1865 942 1943 experientia
966 1866 1124 1942 cognitum
1147 1877 1180 1930 et
1250 1908 1254 1920 ·

23 2008 26 2015 ,
109 1948 284 2029 imperatori
307 1960 449 2030 quantum
478 1951 513 2010 ad
537 1951 629 2010 robur
657 1949 780 2018 deesse,
818 1968 885 2010 cum
920 1959 1024 2014 octavo
1056 1951 1178 2031 decimo

112 2033 219 2094 aetatis
242 2052 320 2095 anno
345 2036 398 2098 Cn.
420 2035 600 2111 Pompeius,
623 2050 701 2092 nono
726 2033 844 2093 decimo
868 2034 978 2096 Caesar
993 2033 1218 2099 Octavianusac

64 2172 69 2176 .
109 2116 208 2187 ciuilia
229 2118 307 2178 belis
331 2115 549 2189 sustinuerint?
572 2117 717 2195 Pleraque
740 2116 770 2177 in
793 2136 909 2180 summa
930 2116 1050 2192 icrtuua
1071 2121 1177 2201 auspi-

108 2283 198 2332 keineu
216 2284 262 2333 der
279 2281 564 2346 gewoimtenEiugainge
583 2299 614 2332 nu
670 2282 731 2332 ‘sein
756 2282 794 2334 ais
813 2283 919 2334 Miuuer
944 2300 1003 2334 von.
1019 2285 1182 2351 vielseitiper·

107 2349 304 2405 versohliessen,
341 2351 390 2398 und
419 2349 525 2412 veming
551 2350 613 2415 jeue
665 2349 811 2415 Erishmug
828 2351 945 2418 crprobt’.
967 2352 1041 2403 Caes.
1061 2354 1087 2404 b.
1109 2352 1175 2406 Gall.

107 2414 178 2464 Tadi·
194 2417 239 2464 mit
256 2417 336 2466 einem
354 2415 483 2480 Vorhang.
665 2417 685 2467 i.
701 2420 734 2470 28
750 2419 840 2487 Boios,
858 2419 931 2484 quod
948 2422 1059 2486 egregio
1075 2425 1179 2472 adrine

44 2519 49 2524 -
139 2478 170 2536 fl.
191 2484 214 2533 7.
235 2483 291 2545 νεΙ.
309 2483 366 2533 Xil.
387 2488 496 2537 44-51.
666 2491 746 2536 munt
772 2489 883 2552 cogniti.
914 2487 945 2539 V.
973 2491 989 2540 6
1015 2489 1091 2554 quod
1116 2505 1179 2551 eun

139 2553 169 2601 8.
202 2553 266 2616 rope*
285 2551 456 2618 Antonione,
488 2554 547 2604 dass
575 2555 613 2606 sie
663 2557 759 2620 mmai
775 2557 874 2619 anicii,
891 2570 1007 2620 mag-nuo
1024 2559 1096 2607 tiator
1114 2556 1178 2608 Goi-

105 2617 283 2684 (diei‘artier)
296 2621 430 2671 Anarenien
449 2637 480 2672 aa
498 2622 613 2673 sioiris-
666 2622 704 2672 ioe
722 2624 892 2673 auctoritate)
910 2629 1080 2688 cognoverat,
1120 2625 1180 2676 Cic..

104 2698 157 2735 sen.
663 2689 861 2748 ricimirus
886 2693 918 2743 13
944 2707 1003 2741 oum
1020 2696 1181 2756 oogo'roua‘aee

124 2755 162 2807 ’9.
200 2754 247 2805 liic
266 2756 327 2806 Hds.
351 2761 407 2806 tuna
431 2772 534 2822 quoque
552 2758 611 2808 ded·
660 2760 834 2823 pmoukoimo
852 2761 950 2815 animo.

103 2820 166 2872 hm.
205 2823 275 2873 Aier
291 2825 385 2886 norim
401 2827 470 2874 iotae
480 2825 611 2875 Radamis·
681 2828 739 2885 20.
761 2825 806 2876 Cae
825 2826 889 2876 Porta
929 2829 967 2877 ‘ur
977 2827 1173 2886 worssdvfflie,

47 2895 51 2904 ‘
102 2895 143 2940 tus
166 2891 215 2941 deu
240 2891 320 2952 Krieg
347 2891 416 2940 nicht
441 2893 606 2955 auigegeiten,
662 2907 703 2942 wo
722 2908 752 2943 cr
772 2894 829 2943 dean
848 2893 882 2942 Su
893 2893 918 2943 la
942 2893 984 2943 ein
1002 2894 1071 2946 Heca·
1093 2910 1176 2958 gegon

102 2956 135 3006 da
151 2958 251 3017 erlsiei
271 2958 418 3008 Armenieus
443 2961 542 3010 wieder
566 2961 611 3011 be·
663 2960 704 3010 die
721 2960 851 3011 Marianon
868 2960 984 3010 zuffihrte
1013 2962 1062 3011 und
1085 2970 1179 3024 rorent¹

101 3024 222 3086 nudentigt
239 3024 317 3074 hatte.
344 3026 398 3076 Seit
415 3028 499 3078 seiner
516 3029 609 3079 letzten
662 3027 701 3077 ais
719 3025 901 3077 Beiehisiraber
918 3029 1027 3092 nostrat,
1059 3031 1095 3080 23·
1109 3030 1175 3081 Jair

101 3088 272 3153 Vertreibung
289 3092 611 3158 gaborsogardenldrieg
662 3094 717 3144 att
742 3093 808 3143 Veii.
829 3093 858 3143 ΙΙ.
879 3096 919 3150 63.
942 3097 967 3146 3.
996 3094 1062 3144 Piut.
1083 3096 1173 3166 Pomp.

102 3157 153 3214 oui,
176 3157 237 3220 grid
248 3161 382 3224 Armeuien
400 3179 447 3225 gar
465 3165 532 3216 uicit
548 3163 612 3215 wie·
662 3163 686 3211 6.
706 3159 768 3209 Dies
791 3160 889 3209 seireiot
911 3159 973 3211 Tac.
1002 3163 1047 3212 mit
1071 3164 1129 3215 dem
1146 3165 1172 3217 J.

102 3223 149 3273 der
165 3239 206 3274 au.
658 3229 693 3278 ‚st
712 3241 735 3274 r.
757 3225 803 3275 Cir.
830 3228 999 3278 verweciiseit
1020 3244 1052 3277 zu
1077 3232 1173 3293 haiom

138 3294 176 3343 ιι.
188 3295 419 3361 mesopotameni
428 3312 608 3361 mauregar-
659 3308 702 3342 wo
726 3306 757 3342 et·
776 3301 854 3351 soter
878 3293 973 3343 setnen
991 3293 1071 3345 Vnum
1089 3314 1175 3361 aegeo

101 3374 153 3409 cua.
175 3359 200 3412 S.
221 3377 253 3412 zu
270 3363 328 3414 ΧΗ,
350 3367 391 3417 25,
487 3421 489 3424 Α
660 3359 739 3409 Cinna
757 3359 850 3409 diente.
870 3359 979 3411 vetit.
1000 3363 1079 3418 29,6.
1100 3364 1173 3419 Plut.

59 3451 62 3457 ·
138 3430 178 3493 16,
197 3430 310 3482 militiae
333 3433 370 3482 cd
393 3433 508 3492 laborer,
538 3427 607 3477 uicit
658 3425 744 3492 Pomp.
765 3428 790 3478 3.
1190 3446 1195 3451 ·

101 3493 138 3544 uis
156 3498 225 3547 hatto
242 3515 273 3549 er
289 3500 328 3549 ins
347 3500 406 3550 Feid
423 3499 496 3548 aicius
514 3493 601 3552 sodon,
689 3491 791 3544 {damur
813 3495 989 3561 deruvianus,
1020 3501 1054 3550 44
1077 3515 1100 3549 v.
1123 3503 1176 3554 Ch,

83 3564 207 3614 'sundere
226 3582 279 3616 our
304 3583 343 3617 um
360 3566 402 3614 dic
419 3562 604 3622 Anordnuugen
637 3560 715 3625 ⁴Vgi.
736 3562 756 3613 Ι.
776 3565 799 3616 9.
820 3567 860 3616 tt).

58 3675 63 3691 ,
99 3645 130 3678 zu
146 3632 250 3690 trciien,
272 3635 313 3683 die
329 3647 378 3682 rou
395 3631 443 3679 der
459 3627 605 3678 Centmire-
672 3631 731 3682 ‘tt
752 3635 889 3697 acupicto,
911 3632 1029 3691 *Ψοίίιιέν
1049 3634 1174 3695 gestuum

13 3773 16 3778 ·
97 3697 499 3818 tt‘t'tffttcttafflttttt
515 3693 601 3814 odd
655 3696 1170 3831 itdtt·“tt't·0.itt,cttdfd⁰t

98 3846 193 3883 amem
210 3833 364 3896 despiciens.
655 3840 730 3883 noter
748 3834 926 3899 pccsdniicher
950 3838 1068 3898 Fiiruog
1094 3838 1167 3890 ciues

133 3902 170 3952 ιθ.
189 3897 335 3948 multorum
358 3914 410 3948 rer.
436 3913 494 3963 emp.
520 3913 599 3964 cogn.
654 3900 756 3950 Andern
783 3903 925 3963 geschicht,
959 3903 1088 3966 gesciieht
1117 3921 1170 3972 nui·
1259 3904 1265 3919 '
