2550 4350
138 282 185 342 26
424 291 431 305 ·
503 357 506 367 Ι
537 285 695 338 connrun
712 285 824 338 ractrr
1087 287 1215 350 (asueti

143 447 221 508 viam
251 445 357 513 intrat,
387 442 467 502 nulla
497 443 673 519 cuiusquam
694 441 913 512 misericordia,
938 440 1006 517 quia
1030 441 1216 517 flagitiorum

144 528 319 591 deformitas
342 525 540 603 praevalebat.

92 620 131 680 33
228 610 447 688 Trepidabatur
474 608 569 669 nibilo
592 607 692 669 minus
714 618 745 669 at
767 608 941 667 Caesarem:
972 607 1084 685 quippe
1108 609 1213 681 Getae,

143 694 286 776 praetorii
310 694 473 771 praelecto,
496 691 576 752 haud
599 692 672 751 satis
690 691 831 762 lidebant,
855 691 890 750 ad
908 691 1033 764 honesta
1050 711 1104 752 seu
1120 711 1215 770 prava

35 846 37 851 ,
143 783 223 841 iuxta
243 779 319 838 levi.
362 778 441 854 Ergo
463 776 638 845 Narcissus,
669 776 836 853 adsumptis
866 774 975 851 quibus
998 775 1077 834 idem
1100 788 1241 847 metus,5

144 883 204 924 non
228 863 314 923 aliam
339 879 424 939 spem
447 858 663 921 incolumitatis
679 859 817 920 Caesaris
840 859 976 928 allirmat,
1000 858 1138 935 quamsi
1162 861 1213 921 ius

142 948 269 1009 militum
293 964 351 1006 uno
375 946 427 1004 illo
450 945 499 1005 die
515 945 544 1004 in
561 944 689 1020 aliquem
705 943 881 1002 libertorum
901 943 1095 1014 transierret3
1119 962 1215 1021 seque

142 1035 231 1093 oilert
252 1037 472 1107 suscepturum.
511 1030 559 1087 ‘Ac
581 1045 627 1096 ne,
652 1027 721 1086 dum
744 1026 775 1085 io
799 1025 903 1086 urbem
927 1026 1053 1098 vehitur,
1077 1026 1115 1087 ad
1137 1046 1211 1105 pae-

141 1116 298 1177 nitentiam
323 1114 388 1173 aL.
402 1111 519 1172 Vitellio
543 1118 573 1170 et
587 1111 683 1185 Largo
701 1110 827 1169 Caecina
851 1117 1024 1181 mutaretur,
1048 1110 1079 1169 in
1103 1112 1211 1172 eodem

90 1205 129 1267 34
142 1200 308 1281 gestamine
337 1196 439 1256 sedem
468 1186 568 1272 poscit
595 1193 755 1271 sumitque.
801 1192 912 1254 Crebra
940 1194 1107 1271 posthaec
1128 1196 1253 1258 samaro

141 1284 207 1354 luit,
231 1283 310 1342 inter
332 1280 466 1339 diversas
489 1277 636 1356 principis
658 1293 758 1348 voces,
781 1295 848 1338 curn
870 1277 961 1336 modo
985 1279 1137 1338 incusaret
1156 1280 1216 1339 itai

141 1367 213 1444 gitia
244 1364 360 1433 uxoris,
389 1363 558 1440 aliquando
580 1361 616 1420 ad
644 1361 818 1420 memoriam
842 1361 974 1437 coniugii
998 1369 1028 1421 et
1050 1363 1212 1424 infantium

140 1450 303 1526 liberorum
327 1447 537 1516 revolveretur,
562 1463 622 1505 non
644 1444 725 1505 aliud
748 1445 936 1523 prolocutum
954 1445 1101 1506 Vitellium
1119 1465 1212 1524 quam

141 1535 166 1594 0
189 1529 322 1593 lacinus!
346 1550 363 1590 o
388 1528 500 1590 scelusl
536 1528 671 1590 Instabat
693 1529 813 1606 quidem
830 1529 988 1590 Narcissus
1006 1531 1129 1610 *aperire
1145 1549 1211 1591 am-

139 1617 231 1693 bages
261 1625 291 1675 et
318 1616 380 1675 veri
400 1608 526 1693 ‘copiam
556 1614 672 1686 lacere3
699 1613 753 1673 sed
782 1632 843 1674 non
866 1614 934 1673 ideo
961 1614 1104 1692 pervicit,
1134 1614 1209 1692 quin
1223 1628 1251 1677 15

140 1717 288 1780 suspensa
317 1710 347 1759 et
376 1717 435 1781 quo
464 1699 645 1758 ducerentur
666 1696 845 1759 inclinatura
869 1698 1081 1776 responderet,
1110 1716 1211 1759 exem-

138 1782 339 1863 ploque:ciue
354 1784 468 1861 Largus
482 1782 609 1844 Caecina
630 1789 773 1843 uteretur.
803 1783 841 1842 Et
862 1782 921 1842 iam
945 1793 1009 1842 erat
1031 1782 1071 1842 in·
1085 1792 1211 1861 aspectu

45 1925 51 1935 ,
138 1864 542 1945 Messalffb'clamltabatque
558 1865 677 1926 audiret
689 1860 832 1936 Octa'viae
848 1875 878 1926 et
891 1865 1056 1927 Britannici
1071 1879 1210 1941 matrem,

138 1971 206 2015 cum
229 1942 405 2031 obstrepere
427 1957 594 2020 accusator,
619 1948 725 2010 Silium
749 1961 779 2010 et
801 1950 920 2028 nuptias
935 1950 1080 2011 referens.
1111 1951 1209 2012 Simul

28 2070 31 2076 ·
139 2036 296 2098 codicillos
318 2035 477 2097 libidinum
500 2032 616 2093 indices
631 2033 763 2107 tradidit,
786 2036 853 2112 quis
867 2034 951 2095 visus
966 2034 1104 2095 Caesaris
1121 2054 1207 2095 aver·
1219 2048 1253 2097 20

139 2129 247 2182 terete
268 2120 331 2180 Neo
358 2117 452 2178 multo
475 2126 546 2194 post
567 2116 672 2177 urbem
695 2117 874 2195 ingredienti
898 2118 1100 2180 offerebantur
1121 2137 1205 2178 com-

75 2223 102 2267 “,
138 2223 244 2273 munes
267 2200 448 2272 liberi,·nisi
464 2200 624 2263 Narcissus
647 2202 852 2262 amoveri'eos
876 2202 1028 2264 iussisset.
1057 2202 1207 2263 Vibidiam

139 2286 290 2366 depellere
312 2284 460 2363 nequivit,
495 2285 567 2363 quin
590 2285 682 2346 multa
705 2303 770 2347 cum
794 2285 905 2345 invidia
928 2288 1077 2363 flagitaret
1098 2305 1136 2364 ne
1160 2288 1209 2348 in·

139 2371 262 2436 dolense
292 2369 401 2431 coniux
430 2369 520 2430 exitio
550 2370 681 2432 daretur.
725 2369 819 2446 Igitur
845 2369 1014 2432 auditurum
1037 2371 1208 2450 principem

139 2463 170 2514 et
197 2454 261 2515 lore
289 2453 423 2515 diluendi
446 2453 584 2515 criminis
604 2454 785 2516 facultatem
798 2454 973 2532 respondit:
1005 2456 1064 2516 iret
1085 2455 1250 2517 interimet

86 2542 125 2602 35
138 2539 220 2613 virgo
244 2547 275 2599 et
296 2558 379 2599 sacra
397 2548 578 2616 capesseret.
609 2539 715 2599 llirum
735 2537 813 2598 inter
831 2540 906 2600 baec
922 2539 1074 2601 silentium
1091 2539 1207 2610 Claudi,

49 2667 64 2683 .
103 2678 111 2685 .
138 2622 273 2683 Vitellius
295 2623 400 2701 ignaro
423 2622 563 2701 propior:
588 2622 687 2684 omnia
710 2621 820 2684 liberto
844 2623 1035 2686 obediebant.
1065 2625 1206 2684 Patelleri
1245 2632 1248 2636 ’

167 2815 219 2883 83.
250 2823 274 2872 3.
301 2825 331 2870 at
353 2820 405 2879 (mr
422 2820 472 2882 od)
497 2821 641 2875 Caesarem.
694 2824 823 2874 wobnbeit
840 2825 884 2875 des
902 2824 964 2875 Tae.
986 2824 1040 2875 drei
1061 2822 1158 2874 Nomen
1176 2842 1210 2876 zu

132 2887 180 2938 Die
198 2889 260 2938 Hds.
280 2902 297 2936 a
316 2885 441 2952 Caesare,
469 2904 524 2941 was
542 2890 568 2939 iu
586 2890 642 2939 dem
694 2899 789 2941 setzeu.
828 2891 854 2940 S.
870 2908 901 2941 zu
919 2891 950 2940 ll.
968 2896 990 2948 l.
1023 2891 1106 2942 Ueber
1124 2891 1210 2942 Vitel-

40 2989 61 3018 ,·
132 2955 188 3005 bier
205 2953 407 3015 nbtbigenSinoe
429 2964 484 3006 ‘von
495 2957 581 3008 Seiten
597 2957 642 3007 deo
694 2958 747 3007 b'ua
764 2974 795 3006 zu
814 2973 836 3006 c.
857 2960 881 3008 2.

133 3021 227 3079 Carar’,
258 3017 337 3073 ‘elren
361 3023 505 3087 deuendie
529 3025 577 3074 aul
596 3025 642 3073 der
730 3027 769 3074 lo.
793 3029 930 3086 gestamen
954 3022 987 3072 ist
1011 3024 1066 3073 bier
1082 3025 1123 3073 ein
1142 3025 1211 3076 Wa-

133 3088 208 3139 Seitc‘
227 3088 271 3138 des
288 3086 376 3140 'Clitor
399 3092 499 3141 waren'
526 3105 573 3140 nur
595 3088 642 3140 der
693 3105 750 3152 qen.
787 3089 846 3138 Seu.
868 3104 906 3154 ep.
927 3087 988 3138 XX.
1009 3093 1024 3142 5
1043 3093 1127 3151 (122).
1158 3096 1205 3145 16:

37 3189 42 3196 ,
86 3206 88 3211 ,
131 3155 264 3222 verstebeu
282 3157 382 3216 boante,
402 3160 447 3208 der
460 3157 641 3220 dasFolgende
693 3156 799 3219 Quaero
817 3156 891 3205 circa
903 3156 1131 3207 boremocteuane
1144 3175 1210 3210 noc—

130 3224 224 3273 vorher
241 3223 342 3286 gelesan
360 3227 439 3276 hatte.
614 3260 619 3267 ,
693 3225 727 3271 tia
750 3220 816 3285 quid
836 3220 889 3270 side·
911 3221 957 3269 ille
980 3237 1061 3270 conces
1082 3229 1211 3277 rotomum

164 3291 190 3342 9.
211 3296 237 3340 et
252 3289 344 3360 Largo
364 3292 484 3343 Caecina.
510 3289 558 3339 Die
576 3288 637 3338 llds.
692 3288 761 3337 velit.
783 3285 889 3336 cetam
905 3286 1013 3336 dicitur.

126 3372 155 3423 p.
165 3355 261 3424 Largo
271 3360 392 3423 Caecina,
409 3371 511 3408 woraus
527 3364 583 3404 men
597 3368 641 3414 ge·
726 3349 777 3409 84.
799 3355 837 3404 ll.
855 3353 1009 3414 infantium.
1034 3351 1152 3402 Diellds.
1165 3359 1211 3406 in-

129 3427 212 3476 macbt
236 3428 280 3478 bat
301 3434 328 3478 et
350 3427 377 3476 Ρ.
401 3419 638 3485 LargoCaece'no.
691 3421 814 3482 sentiunt
850 3420 917 3480 Dies,
935 3421 1027 3471 ldnote
1045 3435 1076 3470 an
1095 3422 1143 3470 uod
1164 3424 1209 3476 lde

129 3491 199 3542 Aber
212 3510 240 3559 p.
259 3495 294 3545 ist
310 3507 356 3559 aus
374 3488 639 3546 dertbkdrzuagvon
692 3488 744 3538 sicli
763 3496 853 3552 gesagt
869 3489 974 3539 werden
992 3489 1034 3539 Nu·
1056 3489 1093 3539 ad
1108 3505 1210 3544 meme—

130 3564 157 3609 et
179 3561 335 3623 eatstanden.
371 3555 407 3604 Es
430 3553 464 3603 ist
489 3551 514 3602 C.
532 3552 640 3618 Largus
692 3557 762 3606 riom
789 3557 923 3618 infantiae
948 3557 991 3620 lib.
1016 3556 1207 3610 revolveretur.

131 3625 243 3678 Caecina
261 3621 376 3686 gemeint,
398 3619 491 3670 Consul
508 3620 553 3670 mit
566 3619 640 3670 Clau·
691 3624 761 3674 Aber
790 3624 874 3685 dieser
901 3627 1041 3691 pregnante
1070 3625 1204 3678 Ausdruck

129 3693 185 3745 dius
207 3693 241 3741 42
264 3706 288 3738 n.
310 3688 364 3745 Cb,
393 3688 459 3738 bller
483 3687 521 3738 als
546 3688 638 3739 Arvnle
690 3693 740 3742 und
765 3693 812 3742 der
834 3693 1006 3754 gewdbolicltc
1034 3691 1087 3753 (ad
1106 3707 1204 3745 memo·

128 3758 244 3811 emebat
269 3756 350 3820 (Mar.
370 3763 421 3806 tav.
441 3754 487 3806 Vll
506 3755 552 3818 ll).
589 3756 637 3807 Ein
689 3762 759 3810 nam
778 3762 913 3824 coniugii)
940 3760 1039 3809 ltduncn
1065 3759 1134 3809 nicht
1156 3761 1202 3812 ruit

127 3827 155 3876 P.
178 3823 285 3889 Largam
310 3823 423 3875 Caecina
453 3823 546 3874 kommt
570 3824 639 3875 nicbt
689 3827 879 3889 gemeinsamem
903 3826 1014 3878 Verbum
1039 3825 1203 3879 uomittelbar
1245 3846 1250 3853 ·

126 3905 181 3942 vor.
208 3892 278 3941 decli
296 3891 472 3958 widerspricbt
489 3891 637 3944 es-derGe-
686 3895 833 3946 verbunden
850 3894 962 3944 werden.
