2550 4350
67 262 190 324 nausa)
272 258 314 308 au
333 255 570 310 excessuum
589 257 790 312 aueusriiu.
811 262 963 312 aaaron
1083 252 1145 316 187
1245 314 1248 319 ,

71 423 155 477 certo
178 414 266 472 soret.
300 408 350 471 Sic
370 411 503 473 cohiberi
526 430 628 489 pravas
651 412 776 472 aliorum
799 431 869 492 spos
893 414 1028 486 rebatur,
1051 416 1139 478 simul

68 497 239 561 modestiae
262 493 390 556 Neronis
420 505 449 556 et
479 515 550 556 suae
585 497 776 575 magnitudini
805 498 921 558 lidebat.
974 499 1040 570 Quo
1069 510 1141 562 tunc

72 581 209 660 exemplo
225 580 363 640 Tiberius
378 581 507 641 Drusum
531 600 663 641 summae
686 582 729 641 rei
750 582 895 654 admovet,
919 602 984 643 cum
1001 583 1140 644 incolumi
1237 641 1244 655 ,

75 665 250 727 Germanico
274 665 420 743 integrum
443 665 520 724 inter
542 666 617 725 duos
640 666 779 726 iudicium
795 667 949 727 tenuisset.
983 668 1041 727 Sed
1057 669 1142 744 priu-

47 751 155 830 tcipio
183 750 347 810 litterarum
377 758 533 809 veneratus
556 750 628 809 deos
650 757 683 809 ut
705 751 829 810 consilia
851 769 904 811 sua
935 752 978 811 rei
1007 752 1142 830 publicae

74 844 305 916 prosperarent,
333 835 448 894 modica
477 834 512 892 de
534 833 669 892 morilrus
689 834 890 895 adulescentis
913 853 1009 914 neque
1032 836 1061 895 in
1084 837 1140 896 lal-

75 938 146 981 sum·
166 926 250 980 aucta
266 919 376 978 retulit.
414 917 487 976 Esse
510 916 551 976 illi
573 918 726 995 coniugem
750 927 780 978 et
801 928 862 978 tres
883 919 996 979 liberos
1019 939 1141 998 eamque

72 1012 199 1066 aetatem
229 1021 284 1080 qua
312 1003 377 1080 ipse
406 1002 553 1079 quondam
584 1021 600 1061 a
623 1001 689 1061 divo
711 1003 844 1080 Augusto
866 1005 901 1063 ad
925 1007 1140 1081 capessendum

73 1088 132 1149 hoc
154 1105 265 1148 munus
287 1096 408 1147 vocatus
431 1087 479 1146 sit.
521 1087 623 1164 Neque
645 1104 723 1147 nunc
743 1106 887 1166 propere,
922 1089 974 1149 sed
997 1107 1051 1166 per
1073 1099 1139 1149 octo

25 1185 169 1234 -luaunos
193 1181 278 1248 capto
301 1171 513 1248 experimen-to,
536 1172 715 1249 compressis
737 1173 944 1246 seditionibus,
968 1173 1140 1252 compositis

70 1258 169 1330 bellis,
192 1256 397 1334 triumphalem
422 1264 451 1314 et
473 1255 519 1315 bis
543 1256 712 1328 consulem,
746 1257 808 1316 noti
837 1258 946 1318 laboris
968 1259 1138 1337 participem

72 1341 162 1402 sumi.
208 1340 421 1418 Praeceperant
443 1340 549 1400 animis
571 1341 734 1400 orationem
757 1350 874 1420 parres3
897 1362 955 1421 quo
978 1344 1195 1421 quaesitiorb'l

67 1425 199 1487 adulatio
215 1425 280 1484 luit.
314 1424 375 1485 Nec
397 1432 495 1485 tamen
518 1433 668 1503 repertum
691 1425 750 1484 nisi
772 1436 805 1487 ut
827 1428 939 1504 efligies
961 1428 1137 1506 principum,

70 1529 136 1571 aras
167 1510 273 1579 deum,
308 1509 418 1586 templa
447 1517 475 1569 et
502 1527 588 1569 arcus
616 1509 730 1587 aliaque
759 1511 846 1571 solita
875 1520 1046 1584 censerent,
1081 1514 1139 1573 nisi

36 1594 151 1674 tt=quod
173 1593 213 1653 ll.
230 1594 347 1654 Silanus
370 1612 406 1652 ex
428 1594 605 1654 contumelia
627 1594 796 1654 consulatus
825 1595 970 1656 honorem
993 1597 1137 1676 principi-

71 1679 129 1739 hus
151 1677 256 1756 petivit
278 1678 407 1755 dixitque
429 1696 483 1756 pro
507 1678 652 1737 sententia
682 1688 713 1736 ut
742 1678 867 1754 publicis
890 1680 1047 1756 privatisve
1070 1702 1137 1742 mu·

70 1761 214 1823 nimentis
238 1762 274 1822 ad
296 1762 469 1822 memoriam
485 1770 649 1838 temporum
666 1779 726 1820 uon
744 1762 899 1822 consulum
916 1763 1034 1823 nomina
1051 1784 1138 1843 prae·

71 1847 286 1917 scriberentur,
309 1847 361 1906 sed
386 1864 488 1905 eorum
512 1846 561 1922 qui
585 1844 770 1904 tribuniciam
792 1855 968 1923 potestatem
991 1857 1139 1922 gererent.

70 1932 107 1992 dt
130 1931 167 2002 Q.
183 1930 333 2000 Haterius,
356 1948 421 1991 cum
446 1929 509 1990 eius
531 1929 588 1989 diei
612 1936 733 1988 senatus
756 1930 888 1989 consulta
912 1929 1010 1990 aureis
1032 1931 1138 1991 litteris

33 2015 189 2094 seligenda
212 2014 241 2073 in
264 2015 342 2074 curia
367 2014 543 2086 censuisset,
559 2013 727 2073 'deridiculo
750 2014 815 2087 luit,
839 2033 929 2075 senex
948 2013 1138 2075 foedissimae

72 2098 252 2182 adulationis
276 2107 389 2159 tantum
412 2099 530 2159 inlamia
554 2117 673 2158 usurus.

130 2182 238 2243 ‘luter
260 2202 333 2261 quae
356 2184 504 2260 provincia
527 2183 729 2243 Africalunio
752 2182 856 2242 Blaeso
884 2191 1043 2261 prorogata
1065 2182 1136 2243 Ser·
1150 2185 1194 2248 58

69 2268 136 2330 vius
165 2267 395 2346 Maluginensis,
435 2269 541 2328 flamen
569 2267 677 2342 llialis,
717 2276 750 2328 ut
776 2267 875 2327 Asiam
905 2278 987 2329 sorte
1017 2267 1140 2329 liaberet

104 2472 126 2520 t.
147 2467 287 2533 coniugem
305 2474 332 2518 ot
348 2474 401 2518 tros
420 2468 522 2520 liberos.
552 2469 578 2520 S.
632 2471 722 2519 schehn
749 2469 825 2526 solle,
858 2470 965 2519 sonderu
996 2471 1145 2520 bezeichnet

64 2553 100 2588 »ιιι
119 2536 205 2588 1184.
633 2537 680 2586 den
704 2537 899 2586 verschiedeueu
918 2539 965 2586 Act
987 2539 1033 2587 der
1051 2539 1143 2587 Ablas-

103 2619 214 2669 enmque
239 2609 352 2653 aetutem
379 2620 432 2668 qua
464 2622 488 2653 u.
508 2620 528 2653 s.
544 2619 578 2652 W.
632 2619 709 2664 sung:
736 2619 810 2651 wenn
835 2605 881 2652 auf
903 2603 1060 2653 offentlicuen
1079 2606 1144 2653 oder

67 2670 187 2722 Tiberius
211 2685 268 2721 war
291 2673 324 2722 42
344 2687 367 2721 v.
385 2673 431 2722 cu.
459 2671 577 2734 geboren.
631 2670 893 2719 Privatnionumeuteu
928 2670 968 2718 die
987 2669 1055 2719 'Zeit
1083 2685 1144 2718 ver-

69 2737 140 2789 Suet.
161 2737 217 2788 Tib.
240 2741 263 2790 5.
632 2737 746 2787 zeiclrnet
763 2736 858 2785 werde.

103 2810 127 2859 9.
156 2811 215 2857 octe
242 2821 333 2856 annor.
378 2806 453 2856 illese
477 2804 581 2854 werden
669 2807 706 2855 19.
726 2803 755 2866 Q.
773 2803 905 2852 Haterius.
943 2802 969 2851 S.
987 2799 1087 2852 tvm.

68 2891 124 2924 vom
152 2873 400 2936 llegieruugoantritt
426 2874 470 2924 des
488 2872 582 2924 Vetere
666 2873 706 2923 20.
725 2885 805 2920 senem
824 2885 878 2919 us.
888 2884 922 2918 w.
946 2867 1077 2918 ‘alsGreis
1096 2869 1144 2919 der

67 2941 182 3006 gezihlt.
631 2955 679 2989 von
699 2940 744 2988 der
761 2938 943 2988 elrellialtesteu
962 2936 1143 2988 Schmeiclielei

105 3012 144 3060 10.
164 3011 320 3074 compressis
340 3007 522 3060 reditionibus.
558 3008 577 3058 l.
631 3024 680 3057 nur
707 3007 748 3057 die
779 3006 893 3057 Soliaude
924 3005 1004 3055 huben
1035 3005 1139 3056 werde’.

66 3075 138 3129 M.
632 3075 691 3125 Seia
728 3072 934 3124 voruussichtliclr
974 3074 1052 3124 nahor
1086 3073 1142 3123 Tou

100 3145 256 3209 omnporitia
274 3143 355 3193 lollio.
386 3143 520 3194 lt.44.62.
632 3145 729 3193 maante
747 3159 775 3193 es
789 3141 935 3205 uurndglieli,
958 3142 1016 3192 dass
1029 3158 1057 3192 er
1070 3142 1143 3192 einen

106 3213 145 3260 ll.
165 3211 360 3275 triumphalem.
395 3210 437 3260 ΙΙΙ.
449 3213 488 3262 19.
632 3211 726 3260 andern
745 3210 815 3259 Lohu
834 3211 953 3271 erlangeu
971 3210 1072 3260 kouute.

103 3278 144 3326 liis
162 3279 303 3329 consulein.
338 3278 357 3327 l.
370 3282 411 3330 55.
432 3278 472 3327 ΙΙΙ.
486 3280 528 3329 31.
663 3273 713 3334 58.
732 3280 772 3329 12.
790 3279 869 3328 Iunio
887 3277 988 3328 Blaeso.
1024 3279 1051 3328 S.
1068 3279 1140 3328 ο.35.

103 3337 155 3401 57.
179 3346 418 3410 l2.Pruaceperunt
435 3347 580 3396 animarer.
666 3345 723 3395 Sor.
739 3345 894 3407 Cornelius,
924 3344 968 3403 Cre.
987 3345 1023 3407 fi,
1044 3343 1087 3392 Cre.
1106 3359 1145 3406 ra,

58 3417 167 3479 pamas.
193 3411 235 3463 Sie
244 3414 331 3463 hatten
341 3413 392 3463 sicli
403 3415 495 3461 vorlrer
508 3412 581 3462 illier-
631 3411 761 3462 Lentulus
778 3411 980 3475 lllaluginonor'o,
1002 3411 1051 3459 wie
1071 3425 1099 3458 er
1117 3410 1142 3458 in

65 3479 121 3542 legi
149 3494 204 3530 was
228 3480 266 3530 siu
284 3496 362 3544 sagon
379 3479 492 3529 wollteu.
529 3479 582 3529 Der
633 3481 680 3530 den
700 3480 760 3543 Cap.
781 3479 851 3528 Fast.
873 3481 958 3536 heissr,
988 3479 1062 3528 Cous.
1083 3475 1142 3524 soff.

67 3546 151 3598 luhalt
174 3548 220 3597 des
244 3548 411 3598 kaiserlicheu
431 3546 581 3597 Selireilicns
632 3548 677 3597 mit
695 3547 783 3596 Blaisus
803 3549 833 3598 tc
852 3564 875 3596 u.
887 3546 931 3596 Cla.
952 3550 983 3603 la.
1003 3560 1034 3593 au
1053 3560 1075 3591 c.
1088 3545 1139 3604 35),

65 3627 125 3666 war
143 3614 197 3665 also
209 3615 421 3665 vorherruclihar
432 3613 579 3683 gewordeu.
633 3615 694 3663 noch
713 3615 830 3664 erwdlnt
852 3629 873 3663 c.
890 3618 930 3665 ll.
951 3611 995 3661 lV.
1012 3613 1055 3667 16,
1086 3624 1145 3659 wer

104 3685 143 3734 15.
163 3681 199 3732 Μ.
219 3682 335 3733 Silanun.
372 3683 398 3732 S.
419 3681 555 3733 151159.
632 3698 680 3732 von
700 3681 747 3732 den
765 3697 821 3730 zum
840 3680 937 3730 Looseu
960 3677 1032 3727 einer
1054 3692 1145 3726 consu-

105 3752 144 3802 16.
160 3752 316 3816 privatisve.
363 3750 414 3800 Das
438 3765 469 3799 ue
492 3749 583 3799 drdckt
632 3749 756 3800 larisclien
775 3747 882 3798 Proviuz
905 3743 1059 3810 disponibeln
1079 3745 1144 3792 Con·

67 3816 138 3868 nicht
162 3833 208 3868 aus
238 3819 297 3867 dass
321 3834 348 3867 es
372 3818 420 3868 aul
440 3818 511 3868 einer
534 3833 581 3868 voa
632 3817 734 3867 sularen
752 3822 838 3865 zuerst
860 3828 892 3862 au
910 3814 956 3861 der
974 3811 1066 3866 lteilre,
1094 3811 1143 3861 und

64 3884 160 3936 beiden
178 3887 258 3935 Arten
281 3901 329 3936 von
346 3885 520 3937 Monumenteu
540 3901 583 3948 ge·
631 3883 799 3941 musstealoo,
813 3879 950 3933 weuuseiu
961 3878 1144 3931 Priestertlrum
