2550 4350
119 273 161 337 96
511 277 669 333 cottNttttl
687 277 800 332 thl'rl
1068 281 1138 345 teu.
1151 289 1199 334 stt

122 456 179 517 que
211 454 267 516 per
294 437 420 498 idoneos
448 436 534 497 locos
563 434 738 496 cohortibus
772 431 952 505 auxiliariis,
990 451 1029 494 ne
1061 452 1199 514 pugnam

120 521 239 601 priores
262 520 407 583 auderent
429 519 586 600 praedicit.
631 519 737 580 Curam
760 517 981 598 praesidiorum
1004 517 1123 582 Paccio
1143 521 1199 583 Or·

120 607 187 678 tito,
220 604 310 684 primi
339 604 393 683 pili
422 606 536 687 honore
560 604 732 683 perfuncto,
763 603 894 663 mandat.
953 602 983 662 ls
1008 620 1198 684 quamquam

44 720 47 725 ·
119 690 258 750 incautos
281 689 424 750 barbaros
450 699 480 750 et
500 688 577 750 bene
600 688 749 766 gerendae
772 686 816 747 rei
840 704 940 751 casum
964 687 1072 747 olierri
1097 690 1197 770 scrip·

120 783 214 846 serat,
247 781 350 836 tenere
378 792 411 834 se
432 771 627 835 munimentis
650 779 681 834 et
702 771 833 832 maiores
855 771 957 850 copias
982 771 1123 851 opperiri
1149 774 1217 837 iu-t

118 857 215 920 betur.
274 856 333 921 Sed
367 867 455 936 rupta
489 856 633 937 imperio,
666 868 825 936 postquam
854 873 967 935 paucae
999 873 1015 915 e
1044 857 1197 936 proximis

119 941 252 1004 castellis
276 951 390 1003 turmae
413 942 594 1004 advenerant
619 959 811 1021 pugnamque
838 936 1198 1019 imperitia‘poscebant,

119 1045 301 1105 congressus
325 1046 391 1088 cum
414 1027 502 1092 lioste
525 1026 667 1087 funditur.
696 1025 733 1086 Et
760 1025 868 1086 damno
891 1024 957 1085 eius
979 1025 1119 1088 exterriti
1145 1027 1195 1108 qui

119 1111 287 1173 subsidium
317 1112 396 1173 serre
429 1111 610 1183 debuerant,
647 1129 700 1170 sua
735 1109 862 1188 quisque
892 1108 921 1169 in
950 1116 1050 1169 eastra
1076 1112 1195 1191 trepida

118 1197 187 1274 luga
210 1196 336 1257 rediere.
383 1195 470 1268 Quod
493 1194 622 1274 graviter
643 1192 772 1254 Corbulo
796 1192 921 1272 accepit,
945 1191 1193 1276 increpitumque
1203 1207 1228 1256 tt

116 1278 257 1341 Paccium
282 1288 310 1342 et
332 1280 501 1358 praelectas
524 1278 695 1356 militesque
717 1278 843 1339 tendere
859 1286 941 1337 entra
955 1277 1066 1340 vallum
1092 1279 1192 1342 iussit.

118 1363 212 1442 lnque
236 1383 270 1425 ea
294 1361 475 1425 contumelia
498 1361 690 1425 detenti'nec
706 1360 764 1422 nisi
780 1361 922 1440 precibus
946 1361 1083 1423 universi
1108 1383 1194 1426 exer-

67 1449 106 1511 37
121 1447 198 1509 citus
226 1447 336 1509 exoluti
365 1455 444 1507 sunt.
501 1447 538 1509 tt
565 1444 716 1507 Tiridates
744 1464 836 1525 super
867 1444 1007 1525 proprias
1031 1446 1192 1511 clientelas

120 1551 177 1610 ope
199 1531 338 1611 Vologesi
361 1531 462 1592 fratris
487 1531 621 1603 adiutus,
646 1548 705 1592 non
728 1529 830 1591 furtim
847 1530 906 1591 iam
922 1530 975 1590 sed
992 1531 1094 1609 palam
1111 1533 1192 1595 bello

109 1615 268 1678 infensare
289 1615 474 1687 Armeniam,
510 1633 646 1695 quiesque
668 1613 745 1676 lidos
768 1614 857 1676 nobis
879 1613 1016 1688 rebatur,
1052 1615 1226 1698 depopult

118 1699 189 1774 lari,
214 1708 244 1761 et
266 1700 292 1761 si
315 1700 420 1779 copiae
444 1711 547 1762 contra
561 1701 668 1777 'duee
771 1696 934 1771 <eludere
958 1699 1080 1778 hucque
1104 1709 1134 1762 et
1156 1703 1192 1764 il·

119 1783 167 1845 luc
189 1785 316 1846 volitans
339 1784 423 1864 plura
453 1785 530 1846 lama
562 1803 618 1864 qus
658 1806 668 1813 ··
794 1792 952 1845 exterrere.
996 1784 1094 1860 Igitur
1117 1786 1190 1848 Cor·

118 1866 189 1929 bulo
214 1869 349 1948 quaesito
373 1869 423 1928 diu
445 1868 561 1948 proelio
585 1706 830 2010 affilas
856 1874 886 1928 ct
901 1867 1038 1946 exemplo
1054 1869 1190 1932 hostium

121 1953 314 2014 circumferre
337 1952 447 2013 bellum
472 1959 609 2023 coactus,
664 1950 784 2031 rs'pertit
805 1951 899 2023 vires,
924 1960 956 2011 ut
984 1952 1074 2029 legati
1100 1973 1189 2034 prac-

120 2037 251 2116 lectique
274 2037 408 2097 diverses
430 2035 513 2094 locos
537 2034 650 2113 pariter
672 2033 855 2108 invaderent.
886 2035 982 2096 Simul
1003 2054 1107 2114 regem
1127 2039 1225 2101 An-to

119 2121 252 2181 tiochum
275 2126 378 2180 mouet
401 2117 550 2195 proximas
574 2118 632 2180 sibi
656 2121 861 2199 praefecturas
877 2119 990 2199 petere.
1021 2121 1096 2183 Nam
1110 2123 1190 2186 Pha·

117 2222 273 2267 rasmanes
296 2201 453 2262 interiecto
476 2202 538 2264 filio
561 2203 733 2266 Radamisto
757 2204 842 2283 quasi
865 2205 1038 2283 proditore,
1069 2225 1130 2284 quo
1154 2209 1189 2270 li·

118 2288 186 2347 dem
223 2287 253 2345 in
290 2303 346 2349 nos
382 2293 558 2361 testaretur,
595 2297 680 2352 retus
714 2288 854 2350 adversus
886 2289 1054 2350 Armenios·
1085 2292 1190 2353 odium

16 2442 22 2453 ,
117 2368 285 2447 promptius
308 2368 476 2433 exercebat.
521 2373 664 2453 Tuncque
685 2373 814 2452 primum
838 2372 930 2434 illecti
954 2373 1088 2447 Moschi,
1114 2394 1188 2454 gens

120 2460 188 2512 anta
211 2451 284 2514 alias
307 2453 388 2515 socia
411 2455 564 2532 Romanis,
588 2459 652 2520 aria
667 2456 825 2519 Armeniae
848 2457 1018 2520 incursavit.
1050 2458 1094 2520 lta
1113 2469 1223 2523 con-rs

34 2675 38 2684 ¹
109 2611 111 2616 ’
147 2620 171 2670 3.
206 2622 292 2685 primi
304 2621 359 2738 pili
376 2623 476 2674 itenere
495 2626 623 2692 persanc-
675 2627 737 2674 ante
754 2623 823 2680 alias
840 2623 1046 2675 seeiallemaoa‘s
1064 2627 1122 2678 sind
1140 2645 1190 2679 vna

113 2692 146 2738 ta.
185 2686 208 2737 S.
236 2687 321 2747 zul.
344 2691 385 2741 tt:
421 2691 458 2742 Er
481 2694 570 2743 wurde
597 2693 622 2743 in
674 2690 720 2740 der
742 2689 800 2741 Zcit
836 2694 880 2743 des
912 2692 1111 2746 Seluil'tstellers
1146 2712 1190 2759 gs-

112 2755 189 2819 Folge
209 2756 256 2806 der
273 2755 503 2818 lnsubordinatiou,
536 2761 576 2811 die
594 2775 623 2810 er
672 2759 763 2810 meiat:
786 2765 849 2810 ante
866 2761 934 2810 alias
951 2760 1110 2821 voruGrade,
1123 2764 1190 2814 nicht

111 2823 163 2874 sich
183 2824 238 2874 hier
255 2825 618 2885 zuSolruldenlmrumenliess,
671 2842 720 2876 von
740 2828 786 2877 der
802 2827 865 2878 Zeit.
886 2828 928 2877 Sie
947 2829 1030 2877 hutten
1046 2831 1190 2893 jedenl'slls

110 2892 209 2942 wieder
236 2907 291 2940 zum
327 2897 445 2944 centraria
465 2897 551 2961 premi
568 2895 623 2960 pili
673 2894 720 2944 den
738 2893 834 2959 Trqjan
859 2895 883 2943 in
910 2895 995 2945 seincu
1020 2896 1189 2949 Parthischen

112 2958 250 3020 degradirt.
270 2958 328 3009 XV.
352 2964 391 3012 12.
672 2960 781 3023 Kriegen
806 2962 851 3011 mit
874 2961 1023 3012 lreseuderm
1041 2964 1121 3015 Eiler¹
1144 2983 1190 3017 un·

146 3028 184 3075 11.
205 3025 310 3075 tendere
328 3034 405 3079 eastra
424 3029 530 3079 vallum.
560 3027 621 3078 llies
672 3031 797 3079 terstiitzt.

109 3107 166 3142 war
190 3092 245 3141 eine
281 3094 498 3159 althergebraelrts
523 3095 617 3145 Straie.
706 3098 746 3146 25.
763 3094 1101 3148 incusseritDusVerbum
1122 3102 1190 3152 ricli-

109 3158 197 3225 Polyb.
209 3159 250 3210 Vl.
262 3163 293 3213 38
307 3157 356 3221 ἔξω
366 3158 463 3214 κελεύει
475 3162 524 3211 τοῦ
531 3157 620 3230 papa·
672 3169 708 3211 tet
725 3161 777 3210 sict
796 3162 828 3211 im
836 3161 892 3212 Lat.
913 3161 1043 3212 lrisweilcu
1062 3170 1127 3218 nnclr
1143 3171 1190 3220 der

109 3241 156 3281 κος
172 3223 216 3275 καὶ
234 3229 282 3289 τῆς
299 3224 451 3297 ἀσφαλείας
477 3229 619 3278 ποιεῖσθαι
671 3228 815 3295 Apposition
835 3229 879 3279 des
898 3229 1015 3293 subjecte
1040 3232 1104 3281 oder
1132 3238 1189 3289 dam

110 3290 161 3354 τὴν
178 3293 360 3364 παρεμβολήν.
671 3296 734 3345 dazu
754 3296 889 3359 gelrdrigcn
908 3296 1073 3347 Relativsotz.
1111 3305 1186 3356 Caes,

143 3358 192 3418 37.
215 3366 254 3415 20.
276 3381 365 3430 regem
382 3363 551 3414 Antiochum.
589 3362 615 3413 S.
669 3364 693 3414 b.
716 3364 763 3413 eir.
785 3363 1189 3436 litesGaratonanms,q21a0

36 3440 38 3445 ’
86 3433 139 3478 *zu
157 3429 214 3480 Xll.
237 3435 275 3483 55.
320 3431 402 3483 Uelter
425 3429 617 3480 Pharasmanes
669 3438 708 3482 est
731 3432 817 3498 longe.
835 3434 987 3495 firmissima
1012 3438 1093 3484 totins
1119 3456 1187 3504 pro.

109 3498 158 3547 nnd
175 3497 345 3549 Radamistus
363 3495 404 3548 Vl.
415 3498 455 3547 32.
468 3495 513 3546 Xl.
523 3498 547 3547 8.
557 3496 614 3548 Xll.
668 3502 773 3551 vinciae
784 3504 885 3565 claritas,
905 3503 1024 3552 cohortes
1035 3506 1112 3554 eiecit
1118 3523 1187 3572 per-

108 3565 141 3616 44
159 3565 183 3615 ff.
204 3566 273 3616 Xlll.
294 3568 317 3617 6.
669 3573 760 3634 larque
775 3570 929 3635 praeclusit.
951 3569 1001 3620 Cic.
1013 3571 1043 3620 de
1055 3571 1112 3638 imp.
1137 3575 1184 3627 Cn.

142 3634 183 3683 22.
204 3633 449 3699 quo—testaretur
461 3631 549 3692 gclrdrt
561 3647 617 3684 zum
668 3634 753 3703 Pornp.
780 3641 803 3695 5,
835 3640 861 3688 ll
905 3637 1059 3705 Coriallum
1088 3648 1187 3704 patres

106 3699 257 3763 Folgenden.
504 3709 508 3720 “
669 3707 756 3767 vested,
776 3708 857 3755 tetius
877 3705 1004 3755 Graeciae
1022 3706 1117 3769 (iernen,
1138 3726 1185 3760 aas·

140 3770 180 3820 24.
204 3765 311 3827 Maseli,
330 3763 426 3814 sisdlich
445 3780 501 3816 stom
521 3767 617 3819 Cauca·
669 3775 781 3821 tinctam
800 3789 853 3821 esse
877 3773 1025 3823 volaremus.
1061 3790 1084 3839 p.
1106 3775 1181 3829 Bulb.
1220 3798 1225 3807 ⁴

106 3851 148 3885 sus
167 3849 206 3885 arn
225 3833 370 3883 sultwarzen
390 3832 473 3892 llleer,
502 3835 534 3884 im
552 3833 618 3886 Nor·
670 3842 709 3896 15,
731 3840 763 3890 34
792 3855 850 3889 eram
875 3841 927 3892 drea
950 3841 1067 3901 frelrrsina
1094 3849 1187 3896 nestri

106 3903 152 3953 den
170 3900 325 3952 Armeniens.
369 3901 416 3952 Die
435 3901 528 3954 Warte
551 3918 618 3970 gans
669 3909 777 3973 imperii
798 3909 884 3959 subite
909 3912 937 3959 in
961 3909 1106 3975 Hispania,
1135 3911 1185 3964 Cn.
