2550 4350
18 270 20 275 7
104 274 167 369 2⁸12
487 308 643 367 cotthbtl
661 313 771 366 Taciti
1045 315 1173 380 (cuore

105 472 222 551 gantiae
246 472 364 544 arbiter,
387 471 455 532 dum
479 471 552 531 nibil
575 489 729 531 amoenum
754 479 783 529 et
797 466 886 529 molle
900 468 1056 530 alllueulia
1070 478 1169 548 putat,

104 557 164 619 nisi
187 557 265 636 quod
288 557 314 618 ei
336 555 495 617 Petronius
518 555 751 635 adprobavisset.
782 554 864 615 Unde
887 552 999 614 invidia
1024 553 1168 632 Tigellini
1265 586 1268 597 ·

106 643 190 721 quasi
224 643 363 703 adversus
399 641 544 702 aemulum
579 649 609 700 et
639 639 764 700 scientia
791 639 973 716 voluptatum
1003 639 1167 717 potiorem.

102 726 180 805 Ergo
211 726 414 788 crudelitatem
443 725 601 804 principis,
632 723 680 785 cui
703 734 819 784 ceterae
841 723 984 784 libidines
1006 723 1166 799 cedebant,

104 811 284 889 adgreditur,
315 810 475 871 amicitiam
499 809 636 871 Scaevini
659 808 800 870 Petronio
824 808 988 878 obiectans,
1019 819 1191 888 corrupt05

104 895 141 957 ad
169 894 311 956 indicium
339 914 424 956 seruo
455 896 650 974 ademptaque
679 892 853 954 delensione
880 901 910 953 et
937 893 1053 953 maiore
1081 904 1165 973 parte

53 983 92 1044 19
105 980 231 1042 familiae
255 981 284 1040 in
307 979 402 1041 uincla
425 989 519 1058 rapta.
548 981 637 1040 Forte
659 978 720 1040 illis
743 976 848 1038 diebus
871 978 1065 1055 Campaniam
1087 978 1162 1058 peti-

102 1075 184 1127 verat
207 1066 324 1135 Caesar,
355 1073 384 1125 ct
407 1066 513 1126 Cumas
536 1083 631 1143 usque
652 1080 830 1142 progressus
851 1062 1011 1122 Petronius
1034 1062 1099 1125 illic
1121 1072 1163 1124 at·
1263 1128 1267 1139 ,

100 1148 258 1211 tinebatur.
301 1149 363 1209 Nec
392 1150 459 1211 tulit
486 1148 560 1210 ultra
589 1148 705 1208 timoris
734 1156 784 1208 aut
812 1146 877 1227 spei
900 1164 1011 1207 moras.
1056 1148 1162 1228 Neque
1264 1144 1267 1167 ²

100 1242 198 1295 tamen
220 1253 364 1312 praeceps
386 1234 475 1293 vitam
499 1233 618 1312 expulit,
642 1233 695 1292 sed
717 1232 827 1308 incisas
849 1249 949 1303 venas,
975 1241 1008 1291 ut
1030 1230 1199 1306 libitum,1u

101 1318 245 1392 obligatas
274 1318 390 1395 aperire
418 1336 546 1388 rursum,
576 1326 605 1376 et
632 1316 743 1394 alloqui
767 1317 889 1388 amicos,
919 1334 980 1388 non
1002 1335 1059 1394 per
1080 1319 1162 1380 seria

101 1409 151 1464 aut
179 1400 286 1479 quibus
315 1401 437 1477 gloriam
468 1400 654 1460 constantiae
682 1408 808 1479 peteret.
851 1399 1058 1480 Audiebatque
1080 1406 1161 1465 rele-

98 1494 199 1546 rentes
227 1483 302 1545 nibil
331 1484 367 1544 de
396 1483 606 1546 inmortalitate
636 1486 750 1547 animae
774 1495 804 1546 et
825 1485 1003 1563 sapientium
1028 1486 1160 1565 placitis,
1263 1492 1265 1521 ²

97 1569 151 1633 sed
178 1568 254 1630 levia
282 1568 413 1630 carmina
440 1581 471 1630 et
497 1570 601 1631 faciles
628 1589 743 1631 versus.
788 1571 945 1631 Servorum
969 1570 1045 1631 alios
1067 1571 1159 1651 largi·
1261 1576 1265 1649 l

75 1653 188 1727 tione,
212 1654 353 1734 quosdam
376 1654 549 1716 verberibus
572 1655 682 1716 allecit.
705 1655 776 1716 lniit
798 1656 909 1733 epulas,
933 1673 1041 1721 somno
1057 1656 1194 1720 indul-15
1261 1720 1265 1741 1

12 1758 31 1777 ·’
97 1739 145 1813 sit,
171 1746 205 1800 ut
234 1758 409 1818 quamquam
440 1751 542 1801 coacta
571 1759 652 1800 murs
681 1740 821 1801 fortuitae
849 1738 956 1800 similis
979 1750 1071 1802 esset.
1116 1743 1160 1804 Ne
1260 1760 1265 1843 p

98 1823 244 1886 codicillis
274 1823 402 1903 quidem,
435 1826 513 1904 quod
541 1825 675 1905 plerique
703 1824 901 1903 pereuntium,
930 1824 1081 1886 Neronem
1110 1839 1163 1890 aut
1262 1848 1266 1901 1

97 1909 274 1986 Tigellinum
298 1919 348 1969 aut
370 1929 456 1988 quem
480 1909 568 1969 alium
591 1909 756 1988 potentium
779 1908 913 1970 adulatus
935 1917 995 1969 est:
1026 1913 1080 1972 sed
1104 1913 1158 1974 lla-
1263 1926 1265 1933 '

95 1993 168 2071 gitia
196 1993 343 2073 principis
372 1995 427 2053 snb
455 1994 627 2055 nominibus
656 1993 837 2054 exoletorum
866 1993 1106 2075 feminarumque
1129 2006 1158 2058 et
1263 2004 1266 2055 ῐ

96 2078 257 2143 novitatem
289 2077 432 2157 cuiusque
461 2078 556 2157 stupri
578 2078 758 2158 perscripsit
779 2087 867 2156 atque
890 2078 1049 2156 obsignata
1072 2083 1194 2144 misitlu
1263 2088 1268 2171 ξ

94 2161 216 2224 Neroni.
259 2162 420 2241 Fregitque
449 2164 578 2233 anulum,
608 2182 645 2223 ne
673 2181 741 2224 mox
763 2164 831 2223 usui
854 2172 935 2225 esset
956 2165 993 2224 ad
1017 2166 1157 2233 iacienda

40 2248 83 2312 20
94 2246 236 2325 pericula.
278 2246 447 2324 Ambigenti
470 2247 580 2308 Neroni
610 2266 737 2325 quonam
765 2247 855 2308 modo
878 2247 1011 2309 noctium
1035 2270 1155 2314 suarum

92 2331 213 2408 ingenia
236 2339 435 2405 notescerent,
459 2333 581 2392 offertur
596 2332 678 2402 Silia,
702 2332 892 2393 matrimonio
909 2336 1060 2397 senatoris
1072 2336 1150 2398 haud

2 2442 6 2450 =
93 2415 193 2492 ignota
216 2424 244 2474 et
267 2414 326 2491 ipsi
349 2415 385 2475 ad
409 2433 525 2475 omnem
548 2415 702 2476 libidinem
726 2416 839 2478 adscita
863 2436 896 2479 ac
918 2417 1062 2481 Petronio
1081 2438 1147 2499 per·

91 2517 178 2577 quam
207 2497 372 2561 lamiliaris.
414 2498 517 2576 Agitur
542 2500 728 2575 inexilium,
760 2508 907 2581 tamquam
930 2521 991 2563 uon
1014 2505 1189 2568 siluissetlb

92 2602 166 2663 quae
187 2581 301 2644 viderat
321 2583 552 2664 pertuleratque,
575 2585 699 2665 proprio
723 2587 803 2649 odio.
826 2589 862 2647 At
876 2586 1039 2650 Minucium
1055 2590 1150 2652 Tber-

86 2742 196 2786 truuten.
233 2734 279 2784 Die
298 2734 470 2798 liezcicbnung
494 2738 595 2789 arbiter
645 2751 742 2799 uerum,
759 2736 873 2796 lambec,
888 2737 1157 2792 HexumetcrundDi-
1262 2756 1266 2789 ι

87 2802 155 2854 bibrt
179 2803 319 2853 Petronius
346 2803 382 2853 uls
409 2803 541 2854 Beinamen
567 2804 591 2852 in
643 2804 748 2854 sticbeu.
1262 2798 1266 2903 p

87 2869 140 2920 dem
158 2870 226 2935 Titel
252 2872 297 2922 der
319 2872 395 2921 Reste
421 2872 465 2922 des
489 2888 592 2934 grossen
679 2874 719 2923 19.
739 2874 786 2922 cub
803 2875 954 2924 nominibus
974 2875 1027 2925 ‘mit
1039 2885 1156 2928 nement-

85 2938 200 2997 Romans,
221 2938 332 2989 welcbcr
349 2940 502 3001 gewdbnlicb
513 2939 592 3006 Saty-
642 2938 846 3003 licberrlngabe'.
866 2941 1086 3007 DieHandlnngen
1098 2953 1154 2996 tru·
1263 2930 1267 2979 !

85 3008 161 3056 ricon
181 3016 289 3069 genennt
305 3007 380 3058 wird.
642 3022 688 3069 gen
707 3007 840 3071 gleichsam
858 3009 911 3059 ibrc
929 3008 1034 3069 Numen,
1066 3013 1153 3066 indem

117 3090 141 3140 2,
171 3091 242 3154 quod
269 3094 294 3140 εἰ
324 3092 392 3140 petr,
417 3093 491 3157 appr,
526 3099 588 3141 swas
641 3075 678 3125 sie
697 3075 734 3126 als
753 3076 805 3155 ihre
818 3077 980 3140 llandlungen
1000 3079 1152 3156 durgestollt

82 3156 159 3205 durcb
183 3156 226 3205 des
250 3157 381 3207 Petronius
399 3158 495 3208 Urtbeil
518 3160 587 3209 scine
638 3159 734 3194 Wffl'ssfl·
755 3142 921 3195 D¹⁰⁵⁰⁸B¹¹⁰l¹
940 3147 1151 3213 istlflmffiffllffl

81 3222 207 3286 Biffigung
224 3225 362 3285 gelundeu'.
639 3227 687 3260 troo
712 3210 767 3260 dem
791 3227 822 3260 zu
840 3227 861 3261 c.
884 3215 914 3264 18
934 3216 1082 3267 erwdbnteu
1100 3217 1154 3268 Sa·
1262 3124 1268 3387 1

114 3293 139 3342 5.
160 3289 289 3342 Scaeuini.
309 3292 334 3342 S.
353 3291 411 3342 XV.
432 3295 473 3345 49.
638 3280 750 3344 tpn'coa.

91 3387 94 3391 -
114 3360 139 3410 ’1.
158 3358 285 3423 familiae,
304 3359 386 3410 seines
405 3359 535 3414 Gesindes.
670 3346 711 3395 ²¹·
732 3348 939 3412 '²⁰‘P07'2'Wlaa
958 3349 1039 3400 lfldflffl
1059 3367 1152 3404 erzur·

636 3411 819 3477 Versiegelung
836 3417 1041 3479 nacbgemacbter
1058 3419 1151 3472 Briele

634 3479 738 3532 benutzt
755 3484 850 3541 wirrde,
871 3485 921 3534 wie
941 3484 994 3537 dies
1012 3486 1149 3539 lurzvor-

251 3599 282 3610 ,,
568 3602 574 3612 ‚
635 3547 901 3612 bergescbebuwar.
932 3552 957 3602 S.
978 3567 1000 3603 c.
1023 3556 1053 3605 ll
1073 3556 1149 3607 adsi-
1255 3552 1258 3559 '

114 3598 154 3648 10.
181 3601 213 3646 ut
235 3597 337 3648 libatum
362 3601 451 3663 gchdrt
467 3616 498 3649 zu
520 3599 584 3649 obb-
634 3617 733 3668 milam
750 3618 856 3669 Lucam·
873 3621 975 3670 linem

77 3668 164 3727 gata&
523 3739 525 3743 ,
667 3681 781 3742 eum.
802 3688 963 3751 ingenius.
984 3686 1141 3745 zeutan.
1250 3660 1256 3737 l

113 3749 152 3799 14.
173 3747 240 3797 levia
258 3754 377 3801 carmina
387 3756 413 3800 et
422 3750 515 3812 faciles
524 3765 582 3799 uer-
666 3755 706 3804 26.
723 3758 837 3819 proprio
856 3755 916 3805 odio
927 3756 970 3806 des
979 3754 1048 3805 Nero
1059 3773 1144 3822 gegen

76 3829 121 3863 suc
141 3814 315 3881 'leicbtlertlge
334 3817 427 3867 Lieder
449 3818 498 3866 und
516 3817 581 3883 spic·
631 3821 676 3878 sie,
697 3822 784 3884 gebdrt
801 3838 833 3871 zu
851 3825 943 3886 ugr'tur
959 3826 987 3873 in
1006 3825 1127 3878 exitium.

75 3878 148 3931 lende
167 3883 260 3934 Verse’.
299 3884 422 3934 Carmina
445 3885 499 3934 sind
517 3884 580 3952 lyri·
662 3888 796 3939 Minucius
817 3888 942 3941 Thermus
959 3891 993 3942 ist
1009 3891 1144 3949 vielleicbt

73 3949 134 3999 sobe
160 3949 279 4002 Gedicbtc
306 3951 340 4002 iur
366 3966 459 4016 engeru
484 3952 577 4007 Sinon:
629 3956 674 4008 der
692 3954 758 4008 Sobu
775 3957 820 4008 des
837 3956 880 4011 Vl.
900 3962 915 4010 'l
933 3952 1083 4022 gouuuuton.

112 3436 162 3500 19.
181 3446 205 3496 8.
227 3443 321 3494 Cumas
331 3461 413 3511 usque
421 3463 524 3513 progr„
545 3464 585 3499 um

79 3510 131 3561 sich
149 3526 179 3561 an
199 3512 245 3562 den
264 3512 316 3562 Hol
329 3531 360 3564 zu
378 3515 498 3578 begebcu.
