2550 4350
103 305 126 350 p.
137 293 176 338 ch.
187 291 228 354 te)
289 288 330 341 Aa
349 288 502 342 EXCESSU
520 288 588 342 DlVl
607 288 749 343 AUGUSTI
766 288 835 343 Xlll.
850 293 891 345 at.
904 295 946 348 38.
957 296 999 348 39.
1128 247 1185 350 971

105 444 173 505 silia
197 443 324 504 Tiridati
347 444 376 504 in
401 444 582 506 contrarium
605 445 774 520 vertebant,
808 445 1005 526 mittebatque
1034 456 1171 514 oratores

103 529 154 607 qui
178 546 232 587 suo
256 528 493 609 Parthorumque
517 528 638 591 nomine
662 529 901 609 expostularent,
931 550 985 592 cur
1014 530 1170 595 datis'uu·

102 630 158 690 per
181 611 337 673 obsidibus
360 613 619 695 redintegrataque
643 613 791 687 amicitia,
827 633 902 694 quae
935 614 1021 676 noris
1051 634 1171 696 quoque
1200 656 1203 661 -

104 694 260 756 beneficiis
282 696 380 759 locum
404 699 550 778 aperiret,
585 707 684 760 vetere
706 697 864 760 Armeniae
893 699 1090 778 possessione
1119 701 1171 764 de·

79 780 275 858 opeileretur.
319 781 392 843 ldeo
416 782 548 843 nondum
571 783 671 861 ipsum
693 782 861 861 Vologesen
885 792 1077 854 commotum,
1101 785 1170 864 quia
1251 796 1253 801 '

103 881 192 925 causa
216 883 304 943 quam
326 865 353 926 ri
377 883 467 943 agere
490 867 622 928 mallent.
660 867 713 928 Sin
737 875 922 946 perstaretur
945 867 974 928 in
998 868 1086 941 bello,
1110 887 1171 931 non

103 948 206 1010 delore
219 949 373 1009 Arsacidis
396 949 532 1012 virtutem
557 952 764 1029 fortunamque
788 950 910 1030 saepius
934 951 992 1013 iam
1015 952 1172 1014 cladello·

102 1033 189 1093 me'ua
213 1041 375 1112 expertam.
425 1034 469 1095 ad
493 1054 526 1097 aa
551 1035 696 1108 Corbulo,
726 1035 799 1096 satis
824 1046 978 1115 comperto
1001 1036 1170 1116 Vologesen

103 1117 277 1179 delectione
296 1117 462 1196 Hyrcaniae
486 1118 620 1190 attineri,
652 1118 759 1180 suadet
781 1118 906 1180 Tiridati
931 1120 1072 1200 precibus
1096 1121 1170 1183 Cae·

63 1209 202 1261 teserem
225 1201 362 1279 aggredi:
401 1220 493 1281 posse
525 1203 568 1264 illi
591 1221 714 1282 reguum
739 1204 845 1266 stabile
875 1211 906 1265 el
926 1224 975 1266 res
999 1205 1172 1268 incruentas
1205 1266 1208 1273 .

103 1284 287 1362 contingere,
312 1286 338 1346 si
362 1287 473 1349 omissa
492 1305 551 1366 spe
573 1287 738 1367 longinqua
763 1296 792 1349 et
815 1306 881 1348 sera
905 1299 1092 1368 praesentem
1115 1308 1168 1368 po-

103 1368 269 1448 tioremque
293 1380 478 1449 sequeretur.
523 1371 669 1433 Placitum
692 1371 811 1446 dehinc,
840 1371 909 1451 quia
932 1374 1170 1436 commeantibus
1182 1373 1223 1439 38

102 1453 132 1513 in
155 1453 250 1515 ricem
274 1455 388 1516 nuntiis
411 1454 487 1517 nibil
509 1455 540 1516 in
563 1475 709 1517 summam
733 1456 817 1536 pacis
833 1456 1054 1536 proiciebatur,
1078 1458 1172 1519 collo·

103 1537 174 1616 quio
209 1538 343 1616 ipserum
377 1549 495 1619 tempus
524 1539 682 1618 locumque
712 1541 867 1602 destinari.
926 1541 1006 1603 Mille
1036 1542 1171 1621 equitum

64 1617 288 1700 15p1·aesidium
313 1621 462 1685 Tiridates
485 1624 578 1684 allere
602 1623 659 1684 sibi
684 1622 817 1685 dicebat:
842 1633 983 1704 quantum
1006 1625 1170 1688 Corbuloni

104 1707 248 1784 cultisque
272 1707 392 1785 generis
415 1706 542 1769 militum
567 1702 738 1778 assisteret,
769 1726 828 1767 non
852 1714 998 1779 statuere,
1023 1709 1094 1769 dum
1115 1726 1171 1788 po·
1267 1721 1272 1726 “

103 1789 171 1849 sitis
193 1790 296 1851 loricis
321 1791 465 1868 etgaleis
489 1790 650 1858 infaciem
674 1789 758 1869 pacis
783 1791 944 1853 veniretur.
989 1791 1172 1870 Cuicumque

102 1874 287 1947 mortalium,
312 1876 422 1937 nedum
445 1875 536 1937 veteri
561 1884 589 1936 et
612 1873 736 1954 provido
760 1874 846 1946 duci,
875 1873 1021 1936 barbarae
1044 1875 1172 1937 astutiae

102 1959 286 2036 patuissent:
312 1960 380 2022 ideo
404 1969 499 2022 artum
523 1959 593 2020 inde
617 1975 772 2020 numerum
788 1958 867 2020 liniri
890 1967 920 2019 et
941 1958 1012 2019 binc
1028 1959 1173 2020 maiorem

61 2044 221 2114 abeileni,
246 2053 277 2103 ut
300 2044 386 2106 dolus
408 2053 578 2123 pararetur:
603 2062 670 2104 nam
694 2042 787 2122 equiti
811 2042 985 2120 sagittarum
1009 2061 1064 2103 usu
1085 2061 1171 2103 exer·

102 2126 163 2187 cito
186 2127 212 2186 si
236 2128 351 2189 detecta
376 2146 502 2208 corpora
526 2129 734 2200 obicerentur,
764 2127 838 2210 nibil
862 2129 1046 2206 prolaturam
1071 2127 1171 2187 multi·
1232 2195 1241 2216 O

102 2209 246 2272 tudinem.
293 2212 484 2275 Dissimulate
512 2222 616 2275 tamen
635 2212 806 2283 intellectu,
836 2211 949 2273 rectius
972 2212 1009 2272 de
1032 2211 1070 2272 iis
1094 2230 1170 2292 quae

102 2296 133 2354 in
158 2296 309 2373 publicum
340 2298 568 2360 consulerentur
598 2297 670 2359 totis
694 2296 876 2359 exercitibus
900 2314 1000 2358 coram
1025 2296 1172 2358 disserta·

101 2388 186 2440 turos
209 2380 377 2459 respoudit.
422 2383 595 2461 Locumque
628 2381 739 2460 delegit
760 2383 847 2443 cuius
870 2400 940 2461 pars
964 2380 1055 2443 alteia
1078 2380 1172 2443 colles

60 2471 187 2523 merant
216 2466 379 2525 clementer
401 2465 596 2542 adsurgentes
621 2465 805 2544 accipiendis
835 2466 970 2545 peditum
994 2465 1170 2538 ordinibes3

101 2564 172 2624 pars
196 2547 226 2607 in
250 2546 405 2624 planitiem
437 2548 647 2626 porrigebatur
676 2550 713 2609 ad
737 2548 929 2627 explicandas
952 2549 1084 2627 equitum
1108 2556 1171 2607 lur-

101 2646 177 2689 mas.
222 2629 335 2706 liteque
358 2636 446 2707 paeto
469 2630 553 2710 prior
572 2631 702 2691 Corbulo
725 2632 824 2694 socias
848 2632 988 2692 cohortes
1012 2640 1040 2691 et
1063 2630 1172 2690 auxilia

102 2729 206 2788 regum
230 2730 284 2790 pro
309 2711 467 2785 cornibus,
490 2712 591 2774 medio
614 2723 727 2773 sertam
750 2713 899 2788 legionem
923 2713 1093 2785 constituit,
1122 2710 1171 2773 cui

103 2796 196 2857 accita
221 2805 415 2875 pernoctem
439 2797 506 2859 aliis
529 2815 563 2857 ex
581 2797 688 2858 castris
712 2795 866 2856 triantilia
891 2797 1085 2857 tertianorum
1101 2814 1170 2874 per·

59 2881 281 2954 admiscuerat,
317 2900 373 2942 una
398 2900 464 2943 eum
488 2880 604 2960 aquila,
636 2879 721 2960 quasi
746 2879 849 2943 eadem
872 2880 952 2958 legio
976 2889 1172 2960 spectaretur.

101 2965 251 3027 Tiridates
274 2973 415 3042 vergente
444 2966 503 3028 iam
531 2966 584 3053 ‘die
608 2965 713 3045 procul
736 2963 866 3037 adstitit,
889 2965 968 3027 uude
991 2964 1170 3027 videri-ma·

102 3050 149 3127 gis
173 3069 259 3129 quant
283 3051 380 3112 audiri
404 3060 528 3131 posset.
577 3051 622 3113 lta
655 3051 721 3112 sina
745 3066 910 3127 congressu
939 3051 996 3112 dux
1017 3049 1169 3112 Romanus

102 3135 265 3196 abscedere
289 3136 430 3210 militem,
454 3155 507 3199 sua
532 3153 680 3215 quemque
704 3135 733 3195 in
758 3143 872 3207 eastra,
896 3134 988 3217 iubet.
1030 3136 1090 3197 Rex
1107 3136 1169 3197 sive
1181 3135 1222 3201 39

104 3219 237 3280 iraudern
261 3230 447 3301 suspectans,
472 3221 541 3300 quia
564 3221 650 3302 plura
674 3219 763 3281 simul
786 3218 816 3279 in
839 3221 905 3282 loca
929 3221 1036 3296 ibatur,
1060 3220 1123 3301 sire
1138 3228 1171 3282 ut
1228 3258 1235 3268 ·

99 3421 125 3465 et
143 3418 169 3466 P.
191 3417 340 3481 septenes,
365 3420 478 3468 eclinele'
502 3419 611 3469 occidis·
664 3418 818 3482 gebrechen:
851 3420 922 3470 ‘haba
950 3420 1002 3471 sich
1027 3421 1089 3470 uoeb
1108 3419 1176 3470 nicbt

98 3488 165 3533 aeret.
187 3484 249 3533 Ptin.
271 3486 294 3533 h.
316 3493 365 3534 nat.
387 3484 611 3541 tt.5t.1aaVot-
662 3484 786 3536 erboben'.

99 3553 172 3612 sinii,
191 3551 318 3616 oppidana
339 3550 484 3602 Priscorum
503 3553 611 3617 epulan·
696 3557 720 3605 l.
742 3553 817 3603 clade
834 3551 960 3603 Romanu.
979 3552 1036 3615 Vgl.
1057 3550 1088 3602 ll.
1113 3554 1133 3602 l.
1148 3553 1172 3604 2.
1193 3565 1202 3579 ·

100 3621 237 3681 tissr‘nrum,
257 3623 340 3668 totum
359 3623 557 3670 commentatum
575 3625 615 3671 aet
696 3624 719 3672 9.
738 3621 899 3687 Hyrcaniae.
920 3621 946 3670 S.
967 3636 998 3670 zu
1018 3616 1062 3670 Vl.
1083 3620 1122 3671 36.

100 3686 223 3748 falerinae
391 3732 396 3739 .
520 3707 523 3714 ·
697 3684 750 3743 88.
774 3691 812 3739 tt.
840 3690 868 3737 in
893 3687 989 3747 faeiem
1012 3688 1090 3765 pacis
1123 3684 1175 3736 ‘urit

664 3755 818 3805 iriedlielreut
838 3754 980 3811 Aettssern',
1010 3762 1042 3802 ‘tu
1061 3753 1107 3802 det·
1125 3751 1174 3803 Ge·

663 3822 724 3872 stalt
741 3821 930 3878 tiernensis,
954 3820 1003 3870 urio
1022 3819 1173 3872 inmodunt.

135 3891 157 3939 5.
178 3892 343 3952 coniuratum,
362 3904 417 3938 zuur
430 3887 540 3954 uettzug
557 3890 613 3943 aui·
665 3889 690 3940 S.
712 3906 741 3940 zu
761 3889 790 3940 ll.
816 3890 852 3939 13.

68 3986 73 3991 ·
135 3975 252 4020 cornelius
263 3976 388 4020 Tacitusll.
580 3996 584 4006 ⁴
952 3972 966 4021 'l
1017 3988 1020 3993 ¹

135 3789 159 3838 2.
182 3786 251 3836 datis
264 3803 349 3852 nttper
359 3788 498 3838 obsidibus.
519 3790 543 3841 S.
552 3806 574 3839 e.
584 3792 608 3842 9.
