2550 4350
160 271 218 334 120
540 277 685 331 corusci
702 278 813 332 raeiri
1088 284 1112 343 (a
1130 288 1209 330 am

157 437 245 498 variis
267 434 362 496 modis
384 433 541 495 criminari.
573 433 727 495 Postremo
743 434 842 515 paucis
865 433 1047 497 familiarium
1069 433 1206 495 adhibitis

159 539 256 583 sermo
286 527 405 599 coeptus
428 539 444 579 a
467 519 591 580 Caesare
619 519 733 598 qualem
763 520 805 580 ira
834 527 862 581 et
890 518 1085 580 dissimulatio
1107 519 1206 597 gignit,

156 623 332 684 responsum
355 623 370 664 a
392 603 499 665 Pisone
521 603 657 682 precibus
687 604 923 677 contumacibus3
951 603 1210 681 discesseruntque

158 689 265 768 apertis
288 689 375 750 odiis.
412 689 542 768 Postque
564 707 649 750 rarus
672 689 702 749 in
724 688 860 751 tribunali
882 687 1014 750 Caesaris
1029 689 1108 760 Piso,
1132 698 1161 749 et
1183 689 1210 750 si

157 775 272 854 quando
294 773 450 843 adsideret,
473 782 555 834 atrox
577 793 611 835 ac
632 774 789 835 dissentire
804 773 985 835 manifestus.
1014 774 1073 834 Vox
1089 785 1234 852 quoquot

158 859 222 921 eius
238 859 333 920 audita
349 866 394 919 est
409 859 438 918 in
454 858 595 929 convivio,
619 877 682 920 cum
698 869 766 937 aput
781 878 878 937 regem
890 859 1101 919 Nabataeorum
1118 877 1208 919 coro-

156 951 211 1005 na‘e
232 962 337 1004 aureae
360 962 464 1021 magno
486 943 617 1022 pondere
632 943 749 1004 Caesari
765 951 793 1004 et
807 944 1001 1023 Agrippinae,¹
1014 942 1091 1003 leves
1106 942 1210 1004 Pisoni

157 1037 187 1088 et
209 1030 314 1089 ceteris
337 1029 522 1100 offerrentur,
544 1028 686 1108 principis
702 1029 836 1102 Romani,
860 1048 918 1089 non
934 1028 1032 1089 Parthi
1047 1028 1125 1104 regis
1148 1028 1207 1087 filio

158 1132 206 1174 eas
229 1114 329 1192 epulas
353 1112 431 1184 dari;
453 1112 615 1191 abiecitque
638 1113 723 1174 simul
747 1132 886 1174 coronam
905 1122 934 1175 et
949 1112 1037 1174 multa
1058 1113 1088 1172 in
1110 1113 1211 1173 lusum

157 1197 282 1272 addidit,
319 1217 393 1277 quae
422 1197 610 1271 Germanico,
647 1216 819 1277 quamquam
854 1199 974 1271 acerba,
1008 1196 1249 1258 tolerabanturto

107 1283 263 1348 58tamen.
300 1283 379 1343 Inter
401 1300 474 1360 quae
495 1281 530 1342 ab
545 1300 614 1358 rege
628 1282 801 1344 Parthorum
817 1283 963 1344 Artabano
984 1282 1070 1359 legati
1094 1300 1210 1342 venere.

157 1368 276 1429 bliserat
297 1367 450 1428 amicitiam
473 1385 506 1428 ac
526 1367 630 1428 foedus
652 1377 880 1439 memoratores,
904 1376 933 1428 et
953 1386 1059 1446 cupere
1074 1367 1210 1428 renovari

158 1453 292 1525 dextras,
325 1453 518 1530 daturumque
545 1452 653 1512 honori
676 1452 841 1514 Germanici
870 1460 902 1513 ut
929 1453 1021 1531 ripam
1051 1452 1211 1530 Euphratis

156 1537 323 1610 accederet3
346 1544 444 1615 petere
467 1536 582 1597 interim
605 1556 642 1597 ne
659 1537 796 1599 Vonones
819 1536 849 1597 in
872 1537 952 1616 Syria
976 1537 1133 1597 haberetur
1156 1556 1213 1599 neu

158 1639 296 1700 proceres
326 1621 453 1698 gentium
479 1621 655 1701 propinquis
683 1623 792 1683 nuntiis
820 1623 855 1682 ad
883 1622 1044 1682 discordias
1067 1621 1207 1683 traheret.
1221 1633 1248 1681 15

158 1705 201 1766 Ad
230 1725 263 1766 ea
292 1705 480 1765 Germanicus
515 1707 551 1766 de
580 1707 719 1768 societate
751 1707 950 1768 Romanorum
979 1707 1211 1785 Parthorumque

160 1791 325 1868 magnifice,
349 1791 386 1850 de
407 1791 532 1850 adventu
553 1792 632 1869 regis
656 1800 685 1852 et
706 1791 784 1852 cultu
806 1790 852 1852 sui
874 1810 938 1852 cum
961 1793 1067 1852 decore
1089 1811 1123 1852 ac
1145 1810 1211 1852 mo·

159 1875 250 1936 destia
272 1874 435 1953 respondit.
472 1875 611 1936 Vonones
632 1875 875 1956 Pompeiopolim,
899 1875 1015 1936 Ciliciae
1037 1876 1212 1937 maritimam

161 1960 273 2031 urbem,
296 1968 410 2021 amotus
435 1967 489 2020 est.
538 1959 642 2021 Datum
669 1960 698 2020 id
720 1980 779 2020 non
803 1960 891 2020 modo
914 1960 1052 2038 precibus
1074 1961 1211 2022 Artabani

160 2045 212 2106 sed
244 2045 436 2105 contumeliae
462 2045 597 2116 Pisonis,
631 2044 676 2104 cui
706 2044 888 2121 gratissimus
923 2053 984 2104 erat
1018 2045 1055 2104 ob
1084 2046 1247 2125 piurimato

160 2130 254 2190 officia
276 2137 305 2188 et
327 2130 403 2189 dona
425 2129 530 2206 quibus
551 2128 719 2188 Plancinam
741 2122 918 2189 devinxerat.

109 2215 148 2278 59
241 2213 278 2272 Μ.
303 2213 402 2272 Silano
424 2211 459 2271 L.
481 2210 620 2279 Norbano
648 2211 818 2273 consulibus
842 2213 1030 2274 Germanicus
1051 2215 1210 2292 Aegyptum

159 2295 353 2378 proficiscitur
381 2295 602 2374 cognoscendae
630 2296 820 2375 antiquitatis.
869 2299 926 2359 Sed
955 2318 1022 2360 cura
1044 2297 1210 2377 provinciae

156 2495 310 2557 scbuldigten
333 2495 369 2545 sie
393 2495 459 2553 also.
490 2495 548 2545 dass
575 2511 603 2546 cr
627 2512 658 2546 zu
709 2497 754 2547 das
774 2498 813 2548 die
832 2497 976 2562 Thatigkeit
993 2500 1037 2548 der
1046 2496 1149 2556 Person,
1172 2500 1213 2548 die

155 2563 217 2613 Rom
235 2578 314 2626 gesen
333 2563 493 2613 Germanicus
516 2563 655 2626 intrigoire.
708 2580 764 2616 man
777 2566 859 2624 bittet.
880 2567 1031 2624 bezeichnen
1051 2566 1101 2615 wie
1114 2565 1214 2616 ‘lasscn'

190 2633 212 2684 6.
230 2629 434 2682 Nabataeorum.
459 2631 658 2683 blinerabisches
709 2635 771 2684 oder
788 2635 866 2698 dergl.
914 2635 940 2707 ξ.
960 2636 1022 2687 tta
1047 2633 1125 2698 idque
1148 2637 1214 2700 ipsis

156 2699 222 2752 Vollr
249 2699 281 2749 im
306 2697 407 2751 Norden
438 2699 482 2750 des
511 2700 658 2752 arabiseheu
705 2705 856 2768 permittam
867 2705 982 2766 afferret.
1001 2703 1072 2754 Caes.
1082 2703 1106 2752 b.
1116 2702 1146 2752 (t.
1157 2702 1210 2753 Vll.

157 2767 328 2819 Mecrhuseus.
709 2772 758 2828 8,4
772 2773 910 2822 obsecrant
921 2777 950 2821 ut
961 2773 1017 2821 saie
1024 2771 1140 2832 frentanis
1153 2785 1214 2820 coa-

192 2839 214 2888 8.
231 2836 326 2886 Parthi
347 2837 431 2900 regas,
454 2835 504 2885 wie
520 2834 562 2885 bei
580 2836 655 2886 Corn.
707 2838 781 2889 salat
796 2855 859 2889 aava
869 2841 901 2888 ab
913 2840 1028 2889 hostibus
1040 2838 1212 2905 diripiantur.

141 2901 219 2973 ¹Nep.
245 2903 329 2953 Them.
357 2906 384 2962 8,
407 2904 497 2954 huod
520 2903 587 2954 aner
610 2920 660 2954 rea
746 2909 783 2957 17.
803 2906 895 2955 decore
912 2922 959 2954 von
978 2905 1063 2956 dacor.

157 2971 253 3035 Peraea,
271 2979 333 3021 stett
343 2971 463 3021 Parthici
479 2972 541 3022 oder
549 2972 659 3021 Partho-
745 2975 782 3024 18.
801 2973 1018 3037 Pompeiopolim,
1041 2975 1129 3025 frdher
1147 2973 1214 3025 Soloi

155 3053 223 3088 ram.
262 3038 337 3088 lenes
361 3039 450 3089 drficlrt
474 3039 589 3090 dberdies
614 3053 659 3088 aas
709 3047 826 3102 genennt.

158 3105 216 3154 dass
240 3120 268 3155 er
292 3106 375 3157 seiner
399 3107 510 3157 Abkunh
533 3107 594 3156 nach
619 3107 659 3156 ein
741 3099 789 3160 59.
817 3107 855 3155 22.
875 3104 967 3159 luscha.
994 3108 1057 3156 Auo.
1078 3108 1135 3158 dell’
1153 3111 1235 3161 inst..

158 3170 265 3223 Paither
282 3173 322 3224 ist.
360 3174 385 3225 S.
406 3175 507 3236 Madvig
525 3174 610 3241 5191.
708 3170 836 3222 XXl.bV:
857 3169 998 3222 MSr'laao
1016 3173 1214 3235 MfiL.lVer·

191 3235 239 3297 58.
265 3243 303 3293 12.
327 3245 471 3292 amicitiam
502 3258 534 3292 aa
557 3239 659 3303 foedas,
709 3239 776 3288 bano
799 3238 882 3288 Balbo
909 3254 959 3291 cos.
1003 3240 1114 3291 blomans.
1142 3244 1161 3295 l.
1182 3247 1211 3297 Η.

157 3307 251 3359 welche
270 3308 390 3360 Phraates
413 3310 457 3359 mit
474 3313 599 3371 Angustus
616 3321 661 3368 ge·
707 3303 739 3355 N.
752 3307 833 3358 2898:
852 3306 887 3356 M.
903 3307 980 3357 lamio
995 3307 1088 3360 Silano
1103 3310 1132 3360 L.
1144 3312 1214 3365 Nor-

159 3375 283 3427 schlossen
302 3379 376 3429 hatte.
414 3377 440 3428 S.
460 3379 516 3426 et.
708 3375 775 3423 barro
793 3374 876 3425 Balbo
900 3391 950 3426 cor.
992 3376 1074 3427 Ueber
1100 3381 1148 3429 den
1172 3396 1212 3432 er·

196 3445 233 3494 13.
252 3451 330 3495 ut-
347 3444 495 3496 accederet:
513 3439 655 3502 derKdnig.
708 3448 776 3491 stern
800 3443 849 3505 vgl.
870 3443 912 3494 ΙΙΙ.
928 3446 1022 3496 ator.
1050 3445 1091 3496 Vl.
1108 3451 1150 3500 20.
1178 3450 1208 3500 ll.

159 3510 238 3561 Unten
248 3512 280 3562 de
289 3514 403 3563 adreata
415 3513 485 3573 aegis
494 3506 599 3557 eteutta
607 3509 656 3556 sai.
707 3508 750 3562 lV.
764 3513 804 3562 ts.
825 3515 855 3562 Α.
869 3515 893 3564 4.

195 3582 232 3631 15.
251 3582 371 3629 traheret
398 3576 454 3626 Man
472 3574 545 3624 bittet
562 3573 594 3622 im
610 3573 659 3624 La·
740 3578 899 3646 Aegyptum.
936 3580 962 3630 S.
983 3597 1013 3631 au
1031 3598 1052 3631 c.
1067 3586 1107 3636 69.

149 3646 293 3709 'teinischen
311 3642 486 3693 oblenranden
503 3641 657 3693 dassEtwas
742 3649 781 3698 23.
809 3648 1004 3712 cognoscendae
1036 3654 1208 3717 antiquitatis.

160 3714 285 3775 geschieht
295 3710 429 3759 odernicht
441 3708 573 3770 geschicht,
584 3725 658 3760 wenn
708 3713 760 3764 Der
772 3715 870 3766 Genitiv
888 3717 977 3766 drbclit
994 3719 1040 3769 den
1056 3720 1150 3769 Zweek
1166 3720 1211 3769 der

160 3797 187 3831 es
206 3781 228 3829 in
240 3776 427 3827 seinechwelt
441 3777 506 3826 steht
523 3792 550 3827 es
568 3793 598 3827 zu
616 3778 659 3829 be·
709 3780 840 3845 Handlung
862 3799 915 3833 aus.
962 3785 1099 3849 Eigentlich
1127 3788 1161 3838 ist
1183 3803 1212 3837 er

160 3847 255 3897 wirken
273 3843 595 3904 oderzuverbindern,wo
611 3848 660 3898 wir
710 3865 764 3899 zum
781 3848 891 3901 Verbum
915 3854 964 3904 wie
988 3872 1019 3905 zu
1045 3856 1124 3905 ciuem
1148 3856 1211 3905 Sub-

161 3914 199 3962 ein
218 3910 325 3962 Verbum
351 3913 394 3964 mit
418 3913 473 3964 dem
497 3913 542 3965 lnf.
563 3923 655 3977 setzen,
709 3918 802 3969 steutiv
820 3920 912 3984 gehigt,
941 3938 980 3973 um
998 3923 1037 3973 die
1055 3922 1212 3974 Beschaffen·
