2550 4350
171 303 212 365 34
553 308 843 361 conuentorum
906 334 922 386 3
952 346 955 352 .
1102 311 1225 374 (aueo

171 467 245 533 nihil
273 467 352 527 domi
378 465 566 546 inpudicum,
595 465 652 533 nisi
679 462 874 535 dominationi
898 464 1059 541 expediret.
1104 464 1225 544 Cupido

84 619 86 628 ,
169 551 233 612 auri
256 550 390 612 inmensa
412 551 563 612 obtentum
585 549 720 621 habebat,
743 550 827 627 quasi
847 548 1011 610 subsidium
1027 565 1119 626 reguo
1137 569 1226 628 para-

142 637 261 699 Sretur.
291 636 344 696 uio
366 635 535 714 nuptiarum
557 633 676 696 Silanus
698 644 822 695 mortem
845 633 902 693 sibi
926 633 1078 704 conscivit,
1103 633 1167 695 sive
1191 655 1224 697 eo

171 738 265 800 neque
294 738 377 799 spem
399 720 476 780 ritae
497 718 690 799 produxerat,
713 737 765 779 seu
787 717 902 778 delecto
925 717 974 778 die
996 719 1163 794 augendam
1187 721 1224 785 ad

73 833 77 839 ·
118 878 121 884 Ι
170 805 321 865 invidiam.
352 803 478 875 Calvina,
501 822 588 864 soror
609 803 683 874 eius
706 803 787 864 ltalia
810 802 895 881 pulsa
913 811 967 863 est.
996 802 1119 862 Addidit
1135 803 1246 866 Clau-t

170 889 237 950 dius
259 907 341 949 sacra
365 907 399 949 ex
421 887 536 966 legibus
549 888 625 949 Tulli
647 887 726 965 regis
748 887 922 965 piaculaque
945 887 1023 964 apud
1038 887 1138 949 lucum
1156 889 1224 950 Dia-

170 992 227 1035 nae
254 992 308 1052 per
328 972 484 1051 pontifices
507 972 613 1044 danda,
635 972 828 1033 irridentibus
851 971 981 1042 cunctis,
1004 971 1083 1049 quod
1107 991 1224 1050 poenae

73 1084 77 1105 ι
169 1058 454 1137 procurationesque
469 1056 575 1118 incesti
591 1057 621 1117 id
636 1056 779 1134 temporis
795 1056 1027 1133 exquirerentur.
1056 1056 1100 1116 Ad
1116 1058 1222 1135 Agrip-

166 1143 257 1220 pina,
285 1161 322 1203 ne
344 1141 429 1203 malis
453 1149 563 1201 tautum
586 1140 768 1201 iecinoribus
791 1148 972 1210 notesceret,
1001 1140 1116 1201 veniam
1140 1141 1222 1201 exilii
1246 1164 1249 1170 ·

166 1245 224 1304 pro
245 1226 373 1286 -Annaeo
395 1226 523 1296 Seneca,
555 1225 643 1285 simul
671 1234 837 1308 praeturam
865 1225 1017 1301 impetrat,
1048 1224 1159 1285 laetum
1190 1226 1261 1286 into

166 1308 320 1388 publicum
342 1316 404 1368 rata
428 1308 466 1368 ob
489 1309 694 1371 claritudinem
717 1308 880 1368 studiorum
897 1309 970 1379 eins,
993 1319 1083 1386 utque
1099 1309 1240 1370 Domitii

141 1440 144 1445 ,
170 1393 296 1472 pueritia
327 1392 378 1452 tali
412 1393 552 1470 magistro
581 1392 765 1453 adolesceret
792 1401 821 1453 et
848 1392 982 1453 consiliis
1017 1392 1152 1460 eiusdem
1186 1395 1224 1455 ad

169 1496 254 1555 spem
269 1476 479 1537 dominationis
495 1485 656 1549 uterentur,
678 1477 746 1556 quia
762 1479 875 1539 Seneca
890 1477 967 1538 fidus
983 1477 1012 1536 in
1028 1477 1224 1557 Agrippinam

96 1627 101 1633 ,
163 1561 311 1622 ‘memoria
334 1560 470 1621 beneficii
492 1569 522 1622 et
543 1561 677 1623 infensus
700 1562 822 1623 Claudio
845 1562 946 1622 dolore
968 1560 1093 1622 iniuriae
1117 1564 1224 1623 crede·

140 1646 266 1723 9batur.
309 1645 452 1707 Placitum
475 1644 583 1706 debinc
604 1664 664 1707 uon
686 1645 762 1706 ultra
784 1646 931 1718 cunctari,
959 1646 1012 1706 sed
1035 1645 1222 1722 designatum
1234 1657 1260 1708 ta

55 1753 59 1757 ¹
171 1731 323 1791 consulem
337 1726 505 1791 Memmium
520 1730 684 1791 Pollionem
707 1731 876 1807 ingentibus
898 1730 1055 1808 promissis
1077 1729 1223 1793 inducunt

170 1815 347 1877 senteutiam
380 1833 565 1894 expromere,
598 1834 659 1894 ,qua
693 1824 827 1876 oraretur
858 1815 1005 1876 Claudius·
1034 1815 1224 1892 despondere

172 1899 320 1980 Octaviam
343 1900 488 1973 Demiti03
520 1900 597 1979 quod
631 1894 725 1969 aetati¹
746 1904 899 1977 utriusque
928 1918 987 1959 nou
1009 1899 1225 1961 absurdum‘et

169 1984 289 2045 maiora
304 1985 518 2063 patefacturum
541 1991 613 2044 eret.
655 1983 750 2044 Pollio
773 1983 851 2044 haud
875 1983 1042 2062 disparibus
1063 1983 1171 2045 verbis.
1188 2003 1223 2045 ac

169 2088 265 2149 nuper
290 2068 424 2129 Vitellius
453 2076 571 2138 censen
604 2067 863 2146 despondeturque
893 2060 1027 2140 Octavia,
1062 2086 1097 2127 ac
1128 2080 1261 2149 superb}

169 2155 299 2232 priorem
311 2152 560 2215 necessitudinem
574 2170 702 2230 sponsus
718 2152 776 2212 iam
792 2160 821 2212 et
836 2170 926 2229 gener
936 2151 1079 2214 Domitius
1095 2153 1220 2231 aequari

168 2238 338 2298 Britannico
370 2236 475 2296 studiis
507 2236 626 2308 matris,
658 2247 720 2298 arte
753 2255 854 2297 eorum
883 2238 950 2316 quis
982 2235 1020 2296 ob
1050 2247 1223 2314 accusatam

168 2320 356 2380 Messalinam
381 2320 452 2379 ultio
474 2338 510 2379 ex
532 2320 593 2380 filio
615 2320 783 2383 timebatur.

91 2422 93 2429 ·
120 2407 158 2467 10
252 2405 322 2464 Per·
338 2404 417 2464 idem
447 2411 562 2481 tempus
590 2403 678 2485 legati
699 2407 874 2467 Parthorum
896 2405 932 2465 ad
956 2406 1165 2483 expetendum,
1190 2415 1222 2468 ut

169 2487 271 2559 retuli,
300 2488 488 2569 Meherdaten
517 2487 601 2548 missi
628 2500 762 2552 senatum
791 2491 993 2568 ingrediuntur
1021 2490 1260 2568 mandataqueto

157 2573 198 2633 ‚in
227 2573 305 2634 huuc
331 2573 450 2634 modum
481 2572 637 2653 incipiunt.
694 2576 758 2637 Non
791 2594 823 2636 se
857 2574 983 2635 foederis
1012 2575 1130 2653 ignaros
1161 2592 1218 2636 nec
1255 2618 1258 2623 »

155 2739 157 2743 ·
176 2752 179 2761 =
200 2719 242 2781 8„
253 2726 274 2775 5.
287 2723 452 2790 ltaliepulsc
462 2729 506 2773 eat.
526 2724 567 2774 Sie
580 2725 667 2775 kebrte
718 2740 800 2793 ρισεν,
813 2720 964 2793 ἐγκλήματα
980 2714 1123 2793 αὖτῇἂλλα
1137 2740 1165 2775 τε
1176 2724 1239 2775 καὶ,

120 2854 124 2861 A
167 2795 198 2844 59
222 2809 246 2842 u.
267 2791 311 2842 Cb.
338 2792 430 2842 zurriek
455 2790 533 2853 (XlV.
555 2795 595 2855 12)
619 2793 667 2842 und
716 2790 839 2860 μοιχείας
864 2789 1107 2861 παρασκευάσασα,
1134 2788 1177 2878 ἐφ’
1206 2780 1225 2862 ᾗ

165 2860 231 2910 lebte
250 2862 311 2909 noch
329 2868 401 2910 unter
417 2859 562 2925 Vespasiae.
597 2859 664 2911 s'uet.
710 2857 761 2909 ‘atel
784 2856 928 2912 ὁΣενέκασ
944 2855 1052 2925 ἔφυγεν,
1079 2857 1123 2908 καὶ
1148 2876 1223 2912 oece-

165 2927 240 2992 Vesp.
262 2930 293 2978 23
312 2943 370 2976 eum
389 2930 458 2976 inter
476 2934 561 2978 cetere
575 2929 667 2995 prodi·
718 2923 768 2997 ρόν
789 2943 820 2992 γε
843 2921 875 2974 orl
892 2924 979 2990 πολλῷ
1002 2924 1047 2975 καὶ
1069 2920 1225 2981 ἀπέκτεινεν

164 2997 212 3057 gie
229 2992 390 3043 Mausoleum
407 2994 475 3054 (zui.
487 2998 512 3057 8)
532 2997 668 3061 derepente
718 2989 808 3053 αὐτήν.
839 2992 893 3052 Vgl.
913 2991 982 3040 Xlll.
1002 2997 1043 3044 42.

163 3064 305 3125 peteteret,
327 3062 363 3110 ad
377 3062 482 3112 Iuniam
502 3062 667 3114 Calviname
752 3062 789 3109 13.
809 3063 952 3120 uterentur,
971 3061 1106 3124 Agrippina
1120 3064 1169 3110 und
1184 3064 1226 3113 ihr

164 3133 242 3192 gente
259 3128 375 3192 Augusti
387 3133 520 3195 pertinere
541 3131 648 3179 dicebat.
716 3127 826 3186 Aubeng.
847 3125 896 3173 wie
914 3128 963 3176 cll
982 3127 1118 3176 induerent.
1140 3149 1145 3156 ¹

200 3198 222 3246 6.
245 3194 321 3260 Tulli,
339 3198 383 3246 des
400 3196 486 3248 TuMns
504 3197 630 3247 Hostilius.
750 3188 779 3245 9.
800 3194 838 3241 15.
859 3191 1025 3253 demnatum
1036 3196 1168 3244 concelent
1184 3198 1224 3248 als

200 3265 222 3314 8.
240 3263 271 3312 id
278 3268 408 3331 ternpore,
416 3281 455 3315 wo
464 3264 580 3323 Claudius
589 3263 667 3313 selbst
716 3258 832 3314 suffectus
850 3258 899 3306 und
916 3273 988 3307 zwar
1001 3259 1041 3309 sur
1054 3259 1136 3308 dieses
1146 3263 1221 3325 lebr,

166 3330 238 3381 einen
254 3331 335 3383 lneest
351 3333 487 3396 hegangen.
527 3369 531 3394 Ι
714 3326 764 3375 Wle
797 3325 847 3374 siclt
878 3325 968 3375 daretis
998 3324 1131 3375 schllessen
1160 3329 1226 3385 lassa

198 3402 221 3451 9.
250 3404 352 3451 veniam
382 3401 458 3450 eccilli
481 3406 533 3463 pro
554 3395 663 3444 Annaeo
715 3395 772 3443 dass
791 3392 882 3443 erden
903 3395 997 3456 Antrag
1014 3392 1096 3442 stelltc
1115 3396 1154 3455 (zu
1176 3397 1221 3451 lll.

166 3465 269 3518 Seneca,
304 3469 351 3518 Dio
375 3467 429 3517 LX.
448 3467 471 3515 8.
498 3461 568 3510 iml.
588 3464 618 3512 41
638 3479 661 3510 n.
716 3465 764 3523 l'll.
785 3460 1106 3519 lnscbr.b.Grut.lli,d:
1128 3462 1222 3518 XKal.

166 3533 220 3584 Cb:
241 3533 393 3593 Menecliden
411 3529 460 3590 τὴν
474 3523 594 3583 Ἰουλίαν,
614 3525 664 3589 τὴν
714 3530 770 3580 Ιαα.
781 3529 811 3579 L.
823 3529 943 3580 Mernmio
962 3530 1079 3581 Pollione
1099 3531 1126 3594 Q.
1146 3534 1221 3585 Atlio

166 3596 315 3672 ἀδελφιδῆν
331 3596 412 3650 αὐτοῦ
429 3596 483 3655 tdes
496 3593 621 3654 Claudius,
640 3613 659 3645 s
713 3597 830 3648 Meclmo
849 3616 898 3649 eoa.

145 3668 207 3720 .Vl.
227 3676 273 3729 15),
306 3656 464 3734 ὀργισθεῖσα
488 3677 517 3711 τε
540 3655 597 3743 ἅμα
622 3657 663 3714 ὅτι
747 3668 788 3718 21.
804 3670 922 3732 priorem
940 3667 1162 3730 necessitudinem,
1181 3672 1221 3721 als

163 3721 597 3858 ζῆτε,ἐσιμᾶῖἓιὺνξηὲκοῧττένῖἠίιὲξῑ
608 3726 672 3848 ἐξα-Ι
714 3734 838 3852 k{thielsolrn
847 3735 1029 3852 desllgiaulttlius,
1050 3737 1218 3798 derzugleicb

180 3817 301 3881 excocto,
395 3832 412 3877 's
493 3862 500 3877 ἱ
558 3861 565 3876 Ι
638 3817 664 3881 re
752 3818 798 3851 erm
817 3818 900 3851 semer
945 3819 1088 3885 ucrwar.

151 3866 663 4004 ”atttttmttcaettat
746 3867 794 3990 ll·
806 3871 1010 4004 elatrat
1023 3871 1220 4003 ,tt-,tata
