2550 4350
121 250 183 320 312
279 226 281 232 '
318 307 321 316 ,
504 253 650 308 corneti
668 253 779 306 raeiri
1059 259 1179 319 (alass

119 413 245 494 repetita
272 402 399 471 amicitia
425 409 505 493 regis
533 407 625 470 multo
658 408 735 487 apud
758 426 825 469 eum
848 409 978 479 honore,
1011 411 1192 486 preelectus

119 496 230 576 campis
253 496 302 573 qui
324 494 473 572 Euphrate
502 502 531 554 et
552 494 657 571 Tigre,
689 493 806 554 inclutis
835 493 986 565 amnibus,
1018 494 1181 555 circumllui

118 579 349 660 Mesopotamiae
370 597 480 639 nomen
503 586 686 656 acceperunt.
721 577 822 656 Neque
844 579 937 639 multo
953 586 1022 656 post
1038 578 1181 641 Sinnaces

118 675 206 745 auget
228 665 338 744 copias,
362 672 390 725 et
406 664 541 724 columen
556 663 683 742 partium
698 663 883 741 Abdagaeses
899 681 998 740 gazam
1018 672 1046 723 et
1061 673 1182 743 paratus

117 752 219 829 regios
242 750 339 810 adicit.
384 748 515 809 Vitellius
545 756 710 808 ostentasse
732 748 863 808 Romana
892 766 971 808 arma
1000 749 1078 809 satis·
1100 759 1208 812 retusa

118 842 223 903 monet
244 834 393 914 Tiridaten
421 832 643 911 primoresque,
671 833 762 902 hune,
796 833 930 893 Phraatis
960 833 1004 892 avi
1028 841 1058 893 et
1078 835 1181 895 altoris

120 918 264 990 Caesaris,
288 937 361 997 quae
375 918 532 996 utrobique
552 917 682 996 pulchra,
705 917 882 990 meminerit,
905 917 983 989 illos,
1007 918 1181 996 obsequium

120 1007 150 1067 in
173 1023 283 1082 regem,
306 1002 498 1064 reverentiam
521 1002 552 1062 in
575 1021 641 1072 nos,
674 1002 765 1063 decus
788 1002 912 1080 quisque
934 1021 1020 1063 sunm
1040 1012 1073 1063 et
1093 1003 1181 1064 fidem

120 1090 293 1161 retinerent.
335 1088 418 1148 Exim
442 1106 507 1148 cum
528 1086 695 1164 legionibus
718 1087 748 1147 in
771 1087 882 1165 Syriam
904 1088 1054 1149 remeavit.

67 1176 109 1240 38
139 1237 141 1243 ,
207 1175 289 1246 Quae
311 1172 425 1233 duabus
447 1171 608 1232 aestatibus
632 1180 713 1249 gesta
735 1172 888 1243 coniunxi,
919 1191 977 1250 quo
1007 1172 1222 1251 requiesce-td

121 1268 167 1322 ret
188 1259 303 1319 animus
326 1277 342 1318 a
365 1257 535 1317 domesticis
559 1256 652 1316 malis.
701 1255 768 1315 Non
790 1256 868 1316 enim
891 1256 1052 1327 Tiberium,
1076 1277 1181 1336 quarn-

120 1362 208 1424 quam
230 1342 358 1403 triennio
381 1350 450 1421 post
471 1342 590 1403 caedem
612 1339 725 1412 Seiani,
754 1360 828 1419 quae
850 1352 965 1402 ceteros
990 1342 1104 1402 mollire
1128 1363 1181 1402 so-

67 1451 70 1457 *
119 1429 191 1497 lent,
214 1435 330 1505 tempus
353 1445 457 1504 preces
480 1425 569 1487 satias
593 1425 771 1502 mitigabant,
796 1426 865 1504 quin
888 1426 998 1487 incerta
1013 1427 1058 1487 vel
1074 1428 1183 1488 abolita

120 1531 176 1593 pro
206 1511 387 1590 gravissimis
417 1521 445 1572 et
472 1510 639 1572 recentibus
673 1510 799 1589 puniret.
852 1510 895 1570 Eo
925 1520 1005 1571 metu
1033 1511 1182 1573 Fulcinius

121 1597 209 1668 Trio,
238 1597 401 1675 ingruentis
425 1604 611 1656 accusatores
634 1595 691 1654 hau
712 1614 893 1674 perpessus,
923 1597 1071 1675 supremis
1094 1590 1181 1658 tabu·
1196 1609 1223 1658 15

36 1715 38 1722 >
120 1682 159 1748 lis
182 1683 271 1744 multa
295 1691 322 1741 et
351 1681 469 1742 atrocia.
488 1680 528 1740 im
550 1681 715 1740 Macronem
745 1699 779 1740 ac
805 1681 981 1759 praecipuos
1009 1681 1183 1743 libertorum

121 1767 258 1846 Caesaris
287 1767 461 1844 conposuit,
493 1763 550 1843 ipsi
578 1766 685 1825 lluxam
714 1765 799 1824 senio
828 1774 956 1826 mentem
985 1776 1013 1826 et
1042 1769 1183 1827 continuo

73 1892 78 1904 ·
120 1851 264 1913 abscessu
286 1852 366 1912 velut
380 1850 497 1911 exilium
514 1849 698 1909 oblectando.
737 1849 818 1921 Quae
840 1850 876 1909 ab
899 1851 1057 1911 heredibus
1082 1853 1182 1912 oecul-

33 1945 38 1954 “
119 1945 177 1998 tata
192 1937 309 1997 recitari
325 1935 461 1996 Tiberius
483 1934 579 2007 iussit,
602 1934 770 2012 patientiam
790 1934 934 1995 libertatis
951 1935 1061 1997 alienae
1077 1946 1181 1997 osten-

121 2031 187 2091 tans
214 2031 244 2082 et
271 2027 456 2098 contemptor
482 2039 553 2080 suae
582 2019 735 2086 inlamiae.
768 2039 805 2079 an
833 2019 976 2080 scelerum
1005 2022 1102 2081 Seiani
1130 2021 1221 2080 diuto

121 2108 252 2177 nescius,
276 2125 345 2164 mox
368 2124 486 2183 quoquo
509 2104 597 2164 modo
621 2104 695 2163 dicta
717 2104 829 2182 vulgari
842 2104 967 2165 malebat
982 2105 1179 2181 veritatisque,

122 2193 167 2252 cui
198 2190 322 2250 adulatio
354 2188 458 2261 elficit,
491 2206 544 2267 per
572 2186 680 2266 probra
710 2189 812 2249 saltem
836 2207 945 2267 gnarus
968 2190 1040 2250 ficri.
1083 2189 1181 2249 lsdem

121 2274 227 2345 diebus
259 2273 383 2334 Granius
413 2274 577 2334 Marcianus
611 2282 730 2334 senator
758 2294 774 2334 a
805 2273 836 2334 G.
860 2274 991 2335 Graccho
1019 2275 1181 2335 maiestatis

103 2352 287 2438 'postulatus
311 2358 368 2417 vim
390 2357 466 2417 vitae
488 2377 559 2418 suae
581 2359 692 2434 attulit;
718 2358 881 2436 Tariusque
904 2360 1069 2433 Gratianus,
1092 2379 1182 2439 prae-

126 2544 127 2547 ’
153 2542 177 2593 4.
196 2540 316 2590 columen
330 2543 457 2606 partium.
494 2540 626 2594 1111166
711 2543 751 2593 20.
782 2548 946 2608 contemplor
962 2559 1026 2594 suae
1048 2544 1184 2606 infamiae.

118 2610 250 2675 specimen
265 2611 385 2674 partirem
401 2607 550 2659 Mucianus.
678 2608 703 2658 S.
724 2626 755 2659 zu
773 2609 815 2661 IV.
831 2614 853 2672 1.

153 2669 201 2734 38.
224 2680 259 2728 tu.
279 2677 380 2727 duabus
392 2679 533 2728 aestatibus
541 2683 626 2742 gerla,
711 2679 751 2729 23.
772 2676 797 2728 0.
820 2678 946 2729 Graccho.
975 2679 1000 2729 S.
1022 2696 1052 2729 zu
1071 2678 1113 2730 lV.
1127 2682 1167 2731 13.

119 2744 182 2806 aher
199 2746 235 2795 sie
254 2746 558 2807 niebtganzaustntlenu.
580 2746 626 2795 llic
712 2749 751 2798 24.
774 2745 870 2797 Tarius
890 2745 1040 2798 Gratianus.
1068 2747 1187 2799 SeiuVa-

119 2814 284 2876 Fortsetzung
310 2815 356 2864 der
373 2814 473 2863 bicrher
491 2814 627 2878 gebbrigeu
677 2822 717 2864 ter
734 2828 791 2864 war
807 2814 836 2864 L.
859 2814 955 2865 Tarius
972 2814 1065 2879 Rufus,
1095 2815 1187 2867 Consul

119 2880 266 2944 llreignisse
297 2883 340 2931 des
367 2882 474 2931 zwciten
501 2881 626 2932 Sommers
678 2880 734 2932 suff.
756 2885 787 2934 16
805 2881 884 2932 v.Cb.
905 2884 982 2944 qnasi.
1003 2884 1055 2933 Col.
1076 2883 1184 2934 b.Grut.

121 2938 186 3010 lolgl
203 2952 274 3000 cdl.
303 2948 364 2998 Tac.
377 2951 420 2999 bat
437 2950 492 3000 bier
505 2950 627 3012 obgebro-
678 2951 780 3007 298‚1t.
802 2950 910 3000 Curatur
928 2953 1089 3014 aquarum23
1106 2969 1128 3001 n.
1139 2953 1185 3003 Cb.

83 3042 85 3046 ·
121 3017 191 3072 cheu,
213 3016 626 3068 weilsoweitdieuumittelbarc
677 3017 789 3067 Frontin.
805 3018 836 3066 de
848 3032 887 3080 oq.
901 3019 964 3066 102:
988 3016 1188 3082 Capitonilsuc-

121 3083 294 3145 lietbeiligung
312 3084 357 3134 der
375 3085 466 3136 llbmer
483 3087 586 3136 reicbte.
678 3083 763 3145 cessit)
793 3083 817 3132 C.
837 3085 931 3132 Asinio
949 3085 1068 3134 Pollione
1088 3086 1112 3136 C.
1132 3089 1188 3138 An-

157 3154 195 3202 14.
220 3151 359 3202 Fulcinius
379 3152 449 3205 Trio.
490 3154 515 3205 S.
537 3152 567 3204 V.
588 3155 626 3203 ll.
680 3152 751 3200 neno
771 3149 865 3200 Velare
891 3166 941 3199 cos.
973 3150 1070 3207 Tarius
1093 3153 1188 3219 Rufus,

121 3216 164 3270 Vl.
180 3221 204 3270 4.
682 3216 762 3268 Turio
786 3216 842 3266 Ser.
868 3215 990 3267 Cornelio
1021 3217 1132 3283 Cethego
1156 3223 1187 3272 L.
1251 3225 1257 3235 “

114 3302 116 3305 ’
159 3289 196 3337 15.
216 3288 277 3337 bau.
302 3288 338 3338 S.
360 3305 390 3338 zu
409 3288 439 3338 ll.
450 3291 490 3339 36.
576 3319 578 3331 =
680 3283 788 3336 Visellio
806 3282 929 3334 Varrone
947 3301 997 3335 cos.
1016 3285 1052 3335 M.
1065 3285 1188 3338 Cocceius

160 3357 195 3406 16.
214 3357 250 3404 irn
271 3356 354 3406 idrin
372 3373 461 3419 wegen
480 3356 523 3403 des
535 3352 628 3413 lolgeu·
677 3350 776 3402 Nerua.
820 3351 882 3401 Plin.
904 3353 960 3403 hist.
982 3362 1032 3403 nat.
1052 3353 1184 3414 rivulo.

122 3423 219 3485 geoden
236 3441 269 3474 m.
306 3425 331 3474 S.
353 3441 383 3474 zu
402 3423 474 3474 135.
680 3421 727 3470 37:
747 3419 777 3469 L.
800 3418 823 3469 Τ
821 3423 896 3470 arius
913 3419 1007 3485 Rufus,
1028 3422 1121 3484 infima
1140 3441 1188 3474 nu-

158 3494 196 3541 17.
216 3495 340 3542 continuo
360 3484 627 3551 abacessra,eigeutlicl1
680 3487 776 3537 talium
786 3490 943 3554 humililate,
962 3491 1129 3542 consulatum
1140 3498 1190 3543 rni-
1258 3547 1262 3553 ,

126 3560 283 3611 ‘vernilitelst
314 3559 397 3609 seiner
425 3553 628 3605 lortwbbrendeu
680 3555 757 3605 litari
773 3557 906 3608 industria
924 3562 1042 3623 meritus,
1060 3565 1187 3626 antiquae

121 3625 292 3688 Entlernung’‚
319 3626 407 3686 gebort
423 3640 455 3673 zu
472 3621 627 3671 oblectando
680 3624 749 3674 aliar
765 3629 953 3691 parsimoniae,
978 3631 1085 3678 circiter
1102 3631 1188 3680 milies

122 3696 172 3743 und
201 3697 289 3744 driiclt
313 3692 357 3740 das
385 3705 429 3739 aus
458 3705 512 3738 was
542 3689 627 3739 seineu
678 3691 723 3742 HS
742 3693 901 3744 liberalitate
919 3695 976 3745 diui
991 3697 1109 3761 Augusti
1126 3714 1188 3748 con-

46 3782 49 3791 ·
122 3761 246 3811 Vorwurl
266 3758 400 3807 ruotivirte.
442 3756 504 3807 er
531 3766 628 3820 ‘wegen
677 3766 781 3825 gestiam
798 3764 929 3826 usquead
939 3763 1129 3816 detractionem
1145 3768 1187 3815 be·

122 3831 207 3879 seiner
232 3826 434 3876 fortwibrenden
452 3826 624 3891 Eutleruung’.
678 3828 750 3879 redis
780 3831 904 3879 eabausit
927 3847 1008 3896 agros
1035 3836 1063 3883 in
1092 3834 1186 3884 Piceno

122 3896 178 3960 Vgl.
200 3911 229 3945 zu
249 3894 341 3946 lllll.
680 3897 819 3947 coemendo
848 3898 1016 3965 colendoque.
1068 3902 1126 3953 Seu.
1156 3903 1186 3951 dc
