2550 4350
52 334 124 391 ..aa
137 329 178 390 u)
237 324 279 374 aa
297 321 449 375 excussu
469 281 699 380 urvr'nucusui
716 323 775 378 xu.
790 325 832 377 ra.
844 325 886 376 44.
898 328 941 378 45.
1062 312 1120 375 181

53 480 151 544 mariti
174 487 268 565 eraut.
291 479 351 540 Sed
374 497 434 539 nnn
457 497 514 558 ope
536 477 676 553 humana,
698 497 760 542 non
782 479 992 557 larg-itionibus
1007 477 1123 558 princi-

54 567 102 645 pis
131 572 182 624 aut
211 563 297 625 deum
326 563 522 642 placamentis
552 562 718 625 decedebat
747 565 879 638 infamia,
909 564 983 643 quin
1006 563 1123 623 iussum

55 649 230 710 incendium
253 648 434 708 crederetur.
473 647 551 725 Ergo
575 647 724 709 abolende
747 649 861 711 rumori
883 647 961 709 Nero
985 645 1121 708 subdidit

55 752 124 794 reos
147 742 177 794 et
200 731 433 811 quaesitissimis
454 732 563 811 poeuis
587 732 687 793 affecit
709 752 784 811 quos
807 752 861 813 per
877 733 990 810 flagitia
1006 731 1121 802 invises

28 817 159 893 avulgns
183 815 371 877 Christianos
394 815 573 896 appellabat.
606 816 718 878 Auctor
740 817 872 879 nominis
896 818 961 878 eius
984 814 1121 876 Christus

55 902 177 962 Tiberio
200 899 391 978 imperitante
413 919 468 979 per
489 896 715 978 procuratorem
736 902 878 963 Pontium
899 901 1027 962 Pilatum
1050 917 1122 977 sup-

52 986 145 1065 plicio
177 986 302 1045 allectus
332 995 411 1057 erat3
439 1002 640 1063 repressaque
667 985 699 1045 in
722 1004 866 1064 praesens
890 983 1049 1046 exitiabilis
1071 1001 1122 1043 su-

52 1069 192 1149 perstitio
220 1087 339 1129 rursum
368 1068 553 1147 erumpebat,
582 1087 642 1130 nou
665 1069 754 1130 medo
769 1089 833 1150 per
854 1070 1006 1142 Iudaeam,
1030 1065 1122 1143 origi·
1201 1067 1227 1122 ’.

54 1172 122 1214 nem
153 1154 218 1215 eius
247 1151 328 1223 mali,
357 1153 411 1213 sed
438 1170 493 1230 per
520 1153 623 1213 urbem
647 1154 746 1226 etiam,
777 1174 836 1233 qun
859 1163 967 1216 cuncta
989 1148 1146 1230 undiquc*

14 1238 167 1300 tuatrccia
191 1248 241 1297 aut
263 1235 403 1315 pudenda
427 1237 582 1296 confluunt
604 1237 863 1317 celebranturque.
907 1235 1121 1315 Igitur-primo

57 1321 187 1400 correpti
212 1320 263 1399 qui
286 1319 465 1393 fatebantur,
490 1320 598 1381 deinde
621 1320 735 1382 iudicio
767 1324 871 1384 eurum
900 1325 1059 1388 multitude
1075 1323 1123 1384 in-

56 1416 151 1482 gens(
169 1405 247 1465 band
277 1403 405 1482 preinde
436 1404 466 1463 iu
490 1404 616 1466 crimine
638 1405 771 1466 incendii
795 1427 883 1485 quam
907 1409 977 1470 odic
992 1408 1123 1473 'humani

56 1490 175 1567 generis
198 1487 326 1550 convicti
342 1496 423 1548 sunt.
445 1487 483 1546 m
503 1489 698 1568 pereuntibus
721 1489 822 1551 addita
836 1492 974 1566 ludibria,
997 1503 1030 1556 ut
1044 1497 1122 1557 lera—
1180 1508 1183 1513 ’

54 1593 119 1634 rum
153 1573 246 1650 tergis
280 1572 410 1632 contecti
440 1570 552 1632 laniatu
582 1586 689 1632 cauum
712 1572 880 1646 interirent,
909 1585 960 1636 aut
981 1580 1122 1640 crucibus

16 1670 45 1719 15
57 1657 148 1729 alfini,
172 1664 222 1718 aut
242 1655 395 1727 flammati,
419 1663 508 1733 atque
530 1654 582 1714 ubi
605 1655 768 1716 deiecisset
790 1656 864 1730 dies,
886 1654 918 1718 in
941 1678 1028 1721 usum
1050 1681 1124 1723 noc·

54 1741 135 1804 turni
157 1740 279 1802 luminis
302 1747 470 1801 urerentur.
493 1739 604 1799 Hortos
627 1757 706 1799 suns
723 1739 750 1798 ei
774 1741 946 1819 spectaculo
968 1743 1047 1805 Nero
1071 1744 1124 1805 ob-

54 1827 165 1888 tulerat
186 1833 217 1887 et
237 1825 375 1887 circense
397 1823 545 1884 ludicrum
561 1821 677 1895 edebat,
701 1822 805 1883 babitu
820 1823 942 1900 aurigae
957 1827 1122 1905 permixtus

53 1909 136 1991 plebi
159 1911 204 1971 vel
227 1908 377 1970 curriculo
400 1907 554 1969 insistens.
578 1906 673 1979 Unde,
697 1925 876 1986 quamquam
893 1911 1036 1971 adversus
1052 1931 1123 1972 sen-

57 2005 102 2056 tes
125 2003 154 2054 et
176 1993 338 2054 novissima
362 1992 497 2072 exempla
519 1990 653 2063 meritas,
683 1991 838 2053 miseratio
862 1993 1123 2066 oriebatuntam·

11 2091 146 2158 20quam
183 2097 243 2137 nnn
271 2078 400 2153 utilitate
436 2076 557 2155 publica
594 2075 648 2136 sed
685 2074 717 2135 in
754 2077 908 2137 saevitiam
947 2080 1036 2140 unius
1068 2080 1122 2140 ah·
1174 2136 1177 2140 .

56 2170 256 2225 sumerentur.
299 2162 398 2223 lutera
435 2159 628 2222 conserendis
660 2160 799 2239 pecuniis
832 2171 1001 2239 pervastata
1023 2164 1118 2238 ltalia,
1131 2167 1189 2228 45,

53 2330 211 2380 cubantibus
241 2328 359 2379 radentes
392 2330 562 2390 cenitubnnt5
615 2325 760 2376 Flammae·
774 2327 990 2394 sinddicjeuigem
1012 2329 1126 2380 welcben

54 2412 123 2462 quae
141 2395 302 2445 consuetudo
313 2396 492 2444 calaminum
503 2410 564 2444 con·
615 2408 672 2442 umu
691 2394 730 2443 ein
750 2394 863 2446 Gewand
892 2397 943 2447 vell
959 2397 1036 2448 leicht
1052 2398 1127 2448 bren·

54 2467 128 2512 uictu
145 2462 181 2511 ad
198 2463 290 2511 divina
305 2464 463 2526 penetravit.
494 2460 565 2510 Nam
617 2461 712 2510 neuder
727 2462 804 2512 Stoffe
823 2480 911 2527 anzeg,
933 2466 1043 2515 welches
1062 2465 1128 2513 daun

55 2530 126 2582 locis
144 2529 222 2592 epula
240 2531 334 2592 ipsein
345 2527 478 2589 lectulum,
496 2527 565 2575 lurra
617 2529 776 2588 angczfiudet
792 2531 890 2580 wurde.
912 2532 1065 2580 Uehersetze
1087 2531 1129 2579 ‘im

55 2601 83 2647 et
103 2593 226 2644 Minerva
256 2597 285 2642 tn
311 2593 390 2642 cellas
414 2593 451 2643 ud
474 2607 567 2643 cenam
618 2593 800 2644 Fenerlileide'.
822 2596 880 2646 Seu.
902 2612 941 2661 ep.
963 2600 1002 2652 14,
1018 2600 1035 2647 4
1053 2596 1129 2645 illum

55 2665 215 2714 incitantur.
441 2701 444 2706 .
619 2661 738 2707 tunicam
756 2660 889 2710 alimentis
906 2665 1011 2725 ignium
1030 2667 1056 2712 et
1066 2661 1130 2710 inli-

91 2733 114 2781 4.
139 2745 191 2794 per·
216 2729 323 2791 flagitia
352 2729 458 2775 inuisus.
493 2724 569 2774 Taci—
619 2729 674 2773 tam
692 2730 719 2773 et
735 2730 842 2776 tectam.
878 2726 930 2777 luv.
951 2731 974 2786 8,
996 2731 1045 2779 235
1070 2730 1131 2778 auci

55 2809 96 2850 tus
116 2797 180 2858 lorge
195 2796 221 2845 iu
239 2792 512 2855 sciuerBeurtheiluug
523 2792 570 2842 der
607 2790 693 2855 pund
708 2792 789 2842 liccat
801 2797 892 2843 tunica
900 2798 1000 2859 penetro
1011 2795 1129 2845 molesta.

57 2865 176 2918 Christen
195 2865 258 2914 ohne
269 2862 405 2913 Kenntniss
423 2877 470 2911 von
487 2862 568 2911 ihrem
594 2861 597 2867 '
618 2858 694 2909 Mart.
714 2859 749 2910 X.
766 2862 806 2916 25.
823 2864 838 2911 5
856 2860 928 2912 Num
946 2878 1005 2912 cum
1023 2863 1131 2912 dicutur·

36 2953 40 2957 ·
58 2933 171 2993 Glaubeu
190 2932 239 2982 und
258 2930 343 2981 Lehen
362 2930 408 2980 der
420 2930 498 2980 durch
510 2929 568 2978 hb’s-
618 2929 711 2976 tunica
725 2934 866 2993 praesenta
883 2930 992 2980 melecta
1010 2928 1059 2981 Ure
1074 2945 1130 2995 mu-

56 3001 151 3064 willige
186 2999 375 3062 Verlaiumdung
412 2995 567 3048 herrschend
617 2989 775 3060 numfptue
799 3001 838 3046 eet
861 2997 950 3046 dicere
966 2996 1030 3048 Non
1046 2997 1128 3059 facio.
1179 3034 1182 3039 -

57 3070 226 3133 gewcrdeuen
245 3068 350 3118 Ansicht
367 3067 416 3116 der
431 3066 536 3117 Heideu.
617 3061 944 3126 Auderchrbereitnugeu
956 3066 1058 3115 wandte
1072 3080 1129 3115 mnu

95 3139 133 3187 12.
151 3137 273 3201 proinde.
290 3136 315 3186 S.
336 3152 368 3185 zu
386 3133 429 3187 lV.
451 3136 491 3186 20.
515 3131 567 3184 Ver
616 3129 658 3178 hei
677 3129 814 3191 dunecan,
837 3132 934 3182 welche
953 3133 1130 3182 zurBeleuch-

59 3204 120 3254 odic
139 3205 172 3252 ist
189 3207 219 3253 in
236 3203 388 3252 wiederhclt
404 3219 436 3251 zu
455 3203 562 3252 derben.
617 3205 679 3260 tung
709 3199 799 3249 dienen
824 3200 923 3250 sollten.
962 3200 1016 3252 ch
1042 3201 1130 3250 diesen
1183 3225 1187 3231 ·

10 3258 19 3278 ⁸
58 3268 567 3331 DcsHassesgegeudiebhrigeMensch·
618 3265 713 3330 spricht
737 3266 789 3316 luv.
814 3270 834 3324 1,
858 3271 905 3319 155
930 3268 1008 3317 taeda
1033 3267 1131 3317 lucebis

59 3337 112 3386 beit
141 3335 202 3384 bielt
227 3350 284 3384 man
312 3335 352 3383 die
381 3335 498 3385 Christen
527 3337 568 3384 hir
619 3334 731 3395 ira—illa,
759 3349 812 3397 qua
837 3339 948 3384 stantes·
963 3334 1060 3384 ardent
1084 3335 1131 3397 qui

59 3404 227 3459 iiberwieseu,
257 3400 318 3449 weil
336 3401 372 3449 sia
391 3400 439 3449 den
457 3401 569 3463 Umguug
619 3399 677 3459 fixo
691 3404 802 3464 pectore
818 3401 932 3463 humant,
952 3401 1069 3449 etlatum
1079 3415 1131 3448 me-

60 3473 106 3521 der
124 3469 221 3518 Heideu
238 3467 336 3516 miedeu
354 3466 404 3515 und
422 3467 476 3516 ihre
487 3467 569 3516 Lebre
621 3465 667 3514 dia
684 3467 788 3516 sulcum
805 3467 913 3518 deducis
925 3465 1132 3527 harcnuliurlem

60 3532 571 3597 uieAndersglaubigenmtrewigervea-
622 3533 667 3580 das
691 3534 863 3585 schmelzeude
888 3534 961 3591 Pech,
990 3530 1057 3582 llarz
1081 3531 1134 3581 und

64 3605 198 3656 damruniss
215 3603 346 3653 hedrchte.
375 3600 492 3650 Dieselbe
512 3600 576 3651 Ccn-
626 3596 691 3660 Talg
708 3600 884 3662 herahllicsst).
1230 3597 1231 3600 ’

63 3672 187 3724 structiou
213 3672 289 3720 schcu
314 3668 357 3719 bei
385 3667 438 3719 Cic.
466 3684 490 3735 p.
512 3666 573 3718 Sull.
663 3670 703 3719 16.
722 3669 821 3719 Hortus
837 3683 904 3718 auus.
925 3666 950 3715 S.
971 3664 1079 3716 qulV.
1094 3668 1135 3718 14.

66 3744 106 3797 30.
129 3741 161 3790 83
191 3741 292 3802 quoties
319 3738 458 3801 qumquam
483 3741 522 3785 est
544 3738 574 3785 in
626 3734 684 3786 XV.
705 3738 745 3789 39.
875 3779 878 3784 .

64 3811 116 3858 laec
133 3800 231 3856 scelere
249 3807 391 3855 convictus.
659 3799 713 3858 45.
733 3806 774 3854 21.
787 3799 955 3861 consuendis
964 3801 1086 3864 pecuniis
1095 3799 1138 3852 mr

102 3877 143 3926 14.
165 3876 246 3938 tergis
267 3872 372 3929 ‘Haute',
399 3872 449 3922 wie
466 3870 510 3921 lV.
532 3872 572 3921 72.
627 3870 667 3920 die
693 3871 849 3922 blieutlicben
867 3867 963 3917 Bauten
992 3868 1055 3916 nach
1079 3868 1137 3918 dem

102 3945 142 3995 15.
168 3942 314 4004 flammati,
333 3939 406 3991 ubml.
423 3941 573 3989 interirent.
625 3937 733 3999 Braude‚
754 3936 893 3989 besonders
913 3935 953 3984 iiir
972 3934 1035 3982 sein
1045 3935 1138 3984 bans.
