2794 4468
107 311 109 318 '
175 315 239 380 304
560 323 706 378 nonnam
723 323 836 376 raeiri
907 339 908 344 Ν
1126 327 1245 390 arasa

179 473 323 560 sponium:
347 489 416 542 sunt
445 480 493 558 qui
524 479 700 541 adseverent
727 477 806 540 mille
834 478 1065 556 quadringentos
1095 479 1247 558 sexaginta

80 581 84 586 ·
177 585 271 628 unum
293 565 419 635 imerici,
442 565 617 642 prioresque
639 563 724 624 alites
745 563 888 624 Sesoside
909 563 1050 642 primum,
1072 573 1140 642 post
1153 565 1244 626 Ama-

179 651 243 712 side
266 647 499 719 dominantibus,
529 649 597 708 dein
619 645 790 709 Ptolemaeo
819 647 869 726 qui
892 667 926 708 ex
948 648 1157 710 Macedonibus
1180 659 1244 710 ten

178 737 238 797 tius
260 733 406 812 regnavit,
438 732 469 792 in
491 732 636 793 civitatem
659 732 705 792 cui
727 731 890 810 Heliopolis
918 751 1026 794 nomen
1050 734 1244 808 advolavisse,

178 820 271 882 multo
293 826 456 878 ceterarum
479 817 631 878 volucrum
654 818 796 878 comitatu
819 835 925 878 novam
940 817 1044 878 faciem
1061 817 1241 886 mirantium.
1255 831 1285 880 5·
1386 825 1387 886 ξ

178 904 237 965 Sed
259 900 418 980 antiquitas
447 901 566 980 quidem
589 901 731 964 obscura:
753 896 842 972 ,inter
864 901 1063 962 Ptolemaeum
1094 903 1244 966 ac'libe-

175 988 252 1048 rium
274 986 373 1047 minus
395 986 513 1047 ducenti
542 986 752 1066 quinquaginta
775 985 842 1046 anni
873 988 1001 1048 luerunt.
1052 987 1136 1048 Unde
1162 1005 1243 1051 non-

163 1065 246 1134 'nolti
276 1071 382 1131 salsum
411 1071 489 1132 buno
515 1071 690 1150 pboenioem
720 1081 816 1150 neque
837 1071 965 1133 Arabum
995 1090 1011 1131 c
1034 1072 1121 1132 terris
1145 1072 1242 1134 credi·

176 1158 255 1228 dere,
279 1154 410 1233 nihilque
432 1156 625 1235 usurpavisse
647 1175 682 1216 ex
705 1155 751 1216 bis
775 1173 849 1235 qnae
871 1166 956 1216 vetus
979 1156 1122 1217 memoria
1141 1160 1242 1218 lirma-

176 1243 226 1304 vit.
255 1241 401 1302 Confecto
424 1240 532 1319 quippe
554 1259 699 1305 annorum
721 1258 858 1311 numero,
881 1239 931 1300 ubi
952 1259 1035 1302 mors
1050 1242 1286 1320 propinquante

150 1327 240 1403 *suis
263 1324 293 1385 in
316 1326 404 1386 terris
427 1333 543 1386 struere
565 1326 673 1386 nidum
696 1325 781 1404 eique
810 1325 868 1385 vim
891 1325 1047 1403 genitalem
1071 1327 1242 1399 adfundere,
1289 1372 1296 1380 .

74 1419 76 1422 ’
177 1430 212 1472 ex
234 1427 290 1489 qua
313 1411 403 1470 letum
426 1409 514 1482 oriri;
546 1418 575 1470 et
601 1408 725 1488 primam
754 1409 853 1470 adulto
876 1427 976 1471 curam
1000 1410 1163 1490 sepeliendi
1185 1429 1241 1490 pa·

175 1494 241 1567 tris,
264 1513 361 1573 neque
383 1493 412 1554 id
435 1504 563 1566 temere,
596 1495 648 1556 sed
672 1493 788 1554 sublato
817 1513 935 1555 murrae
958 1497 1091 1573 pondere
1114 1495 1242 1574 tempta-

175 1588 268 1660 toque
289 1598 344 1660 per
365 1579 484 1657 longum
508 1579 574 1651 iter,
596 1579 646 1638 ubi
669 1597 723 1657 par
745 1581 839 1651 oneri,
863 1597 916 1656 par
939 1579 1046 1640 meatui
1070 1580 1118 1651 sit,
1141 1579 1243 1642 subire
1279 1607 1285 1611 ·

175 1665 302 1743 patrium
331 1683 440 1742 corpus
476 1663 565 1742 inque
600 1663 673 1723 solis
709 1682 788 1724 aram
821 1667 956 1742 perterre
989 1673 1077 1743 atque
1111 1665 1240 1726 adolere.
1253 1675 1285 1726 15
1386 1667 1387 1736 ἴ

127 1754 132 1760 “
176 1749 255 1812 Haec
276 1749 388 1810 incerta
411 1758 441 1809 et
462 1748 604 1808 sabulosis
626 1757 725 1810 aucta:
760 1756 888 1809 ceterum
916 1748 1007 1828 aspici
1031 1749 1186 1828 aliquando
1209 1749 1242 1809 in
1386 1751 1387 1760 ’

176 1835 306 1914 Aegypto
328 1852 391 1894 eam
414 1834 563 1894 volucrem
587 1851 647 1893 non
669 1833 836 1912 ambigitur.
908 1874 913 1878 -

123 1921 163 1984 29
260 1924 297 1980 At
314 1919 424 1980 Romae
447 1919 535 1978 caede
558 1919 696 1978 continua
712 1917 894 1997 Pomponius
910 1917 1021 1990 Labeo,
1044 1937 1130 1996 quem
1151 1937 1241 1996 prae·

175 2005 270 2064 luisse
285 2003 416 2067 Moesiae
437 2003 547 2074 rettuli,
573 2019 627 2080 per
649 2003 787 2081 abruptas
811 2021 901 2063 venas
925 2002 1098 2080 sanguinem
1121 2003 1241 2075 enodis

176 2088 377 2166 aemulataque
408 2096 453 2148 est
480 2087 608 2148 coniunx
638 2087 759 2148 Paxaea.
810 2087 882 2147 Nam
911 2095 1062 2166 promptas
1090 2087 1282 2148 eiusmodito

176 2183 288 2234 mortes
311 2181 406 2233 metus
430 2170 574 2232 carnificis
603 2169 742 2244 faciebat,
775 2180 803 2232 et
831 2175 898 2250 qnia
928 2171 1054 2232 damnati
1082 2169 1237 2247 publicatis

165 2252 264 2318 bonis
294 2257 445 2334 sepultura
473 2255 721 2333 prohibebantur,
757 2257 934 2334 eorumqui
957 2258 993 2317 de
1015 2275 1048 2316 se
1072 2255 1250 2318 statuebant

175 2340 373 2402 humabantur
401 2358 544 2418 corpora,
578 2341 736 2401 manebant
765 2349 956 2412 testamenta,
996 2341 1122 2422 pretium
1152 2341 1239 2401 lesti-

153 2425 274 2485 ·nandi.
319 2425 376 2485 Sed
400 2425 507 2486 Caesar
529 2425 631 2484 missis
654 2426 689 2485 ad
713 2433 846 2486 senatum
880 2425 985 2486 litteris
1009 2427 1151 2487 disseruit
1172 2445 1240 2486 mo·
1344 2445 1350 2458 “

174 2527 237 2570 rem
266 2508 358 2570 luisse
386 2509 565 2580 maioribus,
597 2509 736 2588 quotiens
759 2511 933 2572 dirimerent
954 2511 1112 2583 amicitias,
1141 2512 1280 2581 inter-25

175 2594 272 2654 dicere
295 2594 382 2656 domo
405 2613 532 2674 eumque
554 2595 642 2656 finem
665 2596 774 2674 gratiae
796 2614 924 2676 ponere:
955 2597 983 2657 id
1007 2615 1041 2656 se
1062 2597 1238 2675 repetivisse

174 2679 204 2740 in
226 2679 381 2752 Labeone,
405 2689 490 2758 atque
513 2680 611 2753 illum,
635 2680 703 2759 quia
726 2681 801 2742 male
822 2677 1043 2742 administratae
1070 2681 1239 2759 provinciae
1288 2672 1291 2678 ’
1386 2695 1387 2772 q

175 2765 357 2844 aliorumque
392 2765 547 2828 criminum
583 2765 763 2844 urgebatur,
797 2766 910 2844 culpam
944 2766 1050 2826 invidia
1084 2765 1238 2838 velavisse,
1386 2773 1387 2850 q

210 2885 230 2932 l.
263 2883 337 2932 mille
362 2883 573 2948 quadringentos
606 2897 683 2932 rena·
768 2885 790 2934 9.
811 2883 865 2946 liis,
893 2877 947 2950 dem
972 2867 1123 2943 Fulgenden
1161 2881 1244 2932 Ueber
1386 2869 1387 2924 l

170 2952 250 3013 ginta
273 2965 369 3013 unum,
395 2951 433 2999 ein
458 2966 560 3012 grossas
584 2951 683 3016 egypti-
732 2949 853 3012 fimavit
869 2965 899 3000 zu
919 2949 961 2999 Vl.
971 2952 994 3000 6.

172 3017 245 3066 sebes
262 3015 333 3065 Jahn.
379 3017 499 3067 Censorio
519 3018 609 3070 dedic
629 3026 680 3067 nat.
769 3021 807 3069 ll.
827 3020 882 3066 suis
899 3020 928 3066 in
947 3019 1033 3080 terris,
1052 3016 1172 3067 Arabico.

165 3097 194 3138 o.
207 3085 252 3134 18:
271 3083 482 3139 Eommtderde
519 3091 584 3150 ptert
596 3099 683 3145 annus
769 3088 807 3136 15.
826 3085 890 3136 solis
908 3101 993 3148 arum,
1010 3101 1041 3134 zu
1061 3085 1206 3150 Heliopolis.

172 3149 259 3200 ciuilia
281 3151 351 3200 solos
379 3151 458 3200 nudet
493 3155 529 3201 isa
549 3149 687 3202 CCCLXV
765 3146 814 3206 29.
835 3155 873 3203 tn.
892 3153 991 3202 rettuli.
1011 3151 1104 3210 tvai,
1121 3167 1239 3202 wunns.

171 3219 229 3268 sine
245 3217 301 3268 ullo
319 3217 492 3268 intercalari:
511 3222 601 3284 itaque
617 3235 701 3284 qnos
767 3222 806 3270 tt.
823 3221 969 3284 publicatis
986 3222 1061 3270 bonis
1079 3222 1169 3284 ge‘bdrt
1186 3235 1242 3270 zum

173 3283 325 3334 driennr'um
352 3286 426 3351 apud
454 3303 497 3338 eor
523 3303 577 3336 nno
605 3290 682 3338 circi·
731 3287 888 3348 Folgcnden:
915 3289 956 3338 die
981 3288 1060 3338 Gincr
1084 3290 1130 3338 der
1147 3287 1243 3338 Verur·

173 3358 213 3402 ter
231 3352 273 3402 die
290 3356 378 3403 minus
396 3361 435 3405 est
451 3371 531 3421 quom
556 3355 695 3405 naturale
731 3355 834 3406 tbeilten
853 3357 957 3406 worden
982 3356 1109 3406 confisoir't
1136 3356 1183 3404 und
1202 3355 1244 3404 ihr

171 3420 387 3486 qttadrdennium,
415 3439 496 3489 eoque
512 3423 544 3485 fil
559 3427 681 3473 antonno
732 3423 883 3484 Regraibniss
903 3432 1039 3486 untersagt.
1071 3421 1253 3473 DerScbril't-¹

169 3488 344 3540 MCCCCLXI
373 3490 409 3540 od
431 3490 500 3540 idem
527 3492 682 3558 redolenter
732 3491 818 3542 steller
836 3501 902 3542 setzt
919 3507 1012 3542 vorans
1034 3494 1092 3541 dass
1101 3505 1167 3558 ¹inan
1185 3498 1244 3540 ver-

167 3559 343 3626 prr'nmpr'um.
663 3587 665 3596 ν
709 3562 799 3628 ¹stelit
826 3561 884 3612 dass
910 3575 939 3610 er
964 3576 1012 3610 vou
1041 3559 1167 3610 Urtbeilen
1187 3559 1250 3618 vdes.

186 3628 228 3676 ’3.
254 3625 417 3688 Ptolemaeo,
452 3623 606 3688 Euergetes:
641 3642 682 3677 rc·
733 3627 823 3678 Sennts
842 3628 865 3676 in
885 3627 1243 3678 sobwcrenCriminalsneben

171 3693 318 3756 giertevon
338 3694 471 3746 lli—222
490 3709 514 3742 v.
535 3693 580 3744 Cb.
622 3694 681 3746 Also
731 3697 812 3747 redet.
851 3695 907 3757 Vgl.
929 3711 958 3744 nii
978 3695 1078 3746 lvnu.

171 3762 205 3810 ist
222 3777 249 3809 es
268 3762 336 3811 nirbt
353 3776 433 3822 genau
452 3774 507 3810 was
522 3761 583 3812 Tac.
605 3771 680 3813 unten
766 3766 806 3814 28.
830 3765 978 3826 urgebatur
996 3764 1041 3813 mit
1066 3761 1244 3813 denr‘Genitiv

170 3837 240 3888 saga:
272 3831 343 3882 trater
359 3829 537 3879 Ptolemaeum
555 3845 588 3880 ac
608 3829 681 3880 Tibe-
732 3832 794 3880 nach
822 3831 868 3879 der
891 3831 1013 3894 Analogia
1040 3848 1089 3881 von
1115 3841 1244 3882 acnuam

170 3897 241 3944 mum
258 3899 346 3946 minus
364 3897 472 3946 ducenti
484 3900 681 3962 qninquaginta
732 3899 780 3948 uod
800 3896 935 3948 damnare.
1245 3933 1250 3938 -

170 3963 372 4022 anniferorum.
612 3991 621 3998 -
766 3965 872 4030 culpant
894 3966 998 4016 inuidia
1023 3965 1155 4016 velavisse.
1207 3963 1243 4011 Er
