2550 4350
116 263 155 335 72

506 267 664 320 CORNELll
682 267 794 320 TAClTl

1060 272 1127 336 (uu.
1139 278 1189 322 sot

114 429 262 495 accidisse
284 422 521 505 pronisanimis
545 423 663 484 audita:
701 432 862 501 postquam
897 423 934 482 ad
962 423 1188 501 providentiam

113 502 352 596 sapientiamque
374 507 471 579 llexit,
494 526 582 567 nemo
606 507 679 567 risui
704 516 886 586 temperare,
912 526 1094 586 quamquam
1118 528 1188 570 ora-

32 600 35 605 ’
112 602 156 662 tio
179 599 327 659 aSeneca
350 591 517 671 composita
541 591 666 651 multum
689 591 785 652 cultus
809 592 983 670 praeferret,
1007 600 1040 653 ut
1062 593 1121 654 luit
1143 593 1188 654 illi

113 686 176 745 viro
199 680 352 758 ingenium
375 694 532 737 amoenum
556 684 586 735 et
608 675 754 754 temporis
778 675 842 736 eius
867 674 989 735 auribus
1013 695 1188 738 accommo-

113 770 224 829 datum.
269 761 458 823 Adnotabant
488 760 641 832 seniores,
677 759 784 838 quibus
808 760 939 838 otiosum
962 771 1008 820 est
1029 770 1134 822 vetera
1158 771 1211 823 ets

111 848 283 931 praesentia
306 846 499 915 contendere,
522 845 651 922 primum
675 863 711 903 ex
732 845 826 923 isqui
845 862 942 904 rerum
966 844 1056 922 potiti
1081 854 1188 907 essent

112 937 262 996 Neronem
285 931 399 991 alienae
428 928 586 990 facundiae
621 928 751 1006 eguisse.
810 929 884 988 Nam
917 927 1047 989 dictator
1074 929 1188 991 Caesar

111 1017 237 1080 summis
272 1014 441 1075 oratoribus
476 1014 628 1086 aemulus3

667 1021 696 1072 et
719 1016 851 1089 Augusto
882 1024 1021 1091 prompta
1051 1032 1087 1074 ac
1111 1033 1184 1092 pro·

112 1103 224 1170 fluens,
248 1117 384 1178 quaeque
407 1098 529 1160 deceret
557 1097 742 1175 principem,
780 1097 950 1175 eloquentia
978 1097 1044 1157 luit.
1091 1099 1184 1160 Tibe·

110 1187 174 1246 rius
197 1192 290 1244 artem
314 1202 433 1261 quoque
456 1180 584 1244 callebat
606 1200 662 1260 qua
691 1179 781 1240 ¹verba
811 1181 1007 1259 expenderet,
1041 1189 1110 1242 tum
1130 1202 1182 1244 va·
1196 1193 1221 1242 tt

112 1269 191 1330 lidus
224 1267 364 1327 sensibus
398 1275 447 1326 aut
476 1267 614 1326 consulto
643 1264 810 1340 ambiguus,
864 1266 962 1326 Etiam
985 1266 1017 1326 C.
1042 1266 1186 1329 Caesaris

111 1352 228 1415 turbata
262 1370 347 1412 mens
376 1351 435 1410 vim
464 1349 584 1410 dicendi
614 1368 672 1409 non
702 1349 847 1427 corrupit.
906 1349 967 1410 Nec
989 1350 1021 1409 in
1045 1350 1185 1426 Claudio,

112 1437 252 1516 quotiens
276 1434 418 1496 meditata
440 1433 620 1507 dissereret,
654 1433 831 1510 elegantiam
862 1435 1045 1512 requireres.
1093 1435 1185 1498 Nero

110 1520 276 1600 puerilibus
300 1518 401 1579 statim
425 1518 511 1578 anuis
527 1517 657 1578 vividum
674 1518 805 1579 animum
823 1518 852 1579 in
869 1519 926 1579 alia
942 1518 1086 1580 detorsit:
1113 1538 1184 1582 cae·

109 1605 173 1665 lare
194 1605 333 1682 pingere,
357 1610 462 1662 cantus
484 1611 536 1662 aut
557 1602 691 1679 regimen
715 1622 860 1682 equorum
884 1621 1040 1676 exercere3
1070 1612 1102 1664 et
1125 1605 1180 1665 ali·
1193 1616 1219 1664 15

109 1686 228 1767 quando
253 1686 436 1748 carminibus
458 1686 625 1765 pangendis
648 1687 749 1748 inesse
772 1687 830 1748 sibi
852 1687 997 1748 elementa
1022 1688 1182 1750 doctrinae

109 1771 296 1834 ostendebat.

76 1860 98 1919 4
196 1857 333 1917 Ceterum
356 1855 487 1935 peractis
510 1854 650 1914 tristitiae
675 1853 869 1915 imitamentis
885 1855 996 1914 curiam
1020 1854 1180 1933 ingressus
1257 1907 1262 1943 ;

107 2005 162 2055 drei
180 2021 267 2068 grosse
286 2003 536 2056 Gescbicbtswerlre,
561 2001 614 2049 eins

105 2073 131 2122 in
148 2070 323 2128 lateiniscber,
354 2073 369 2121 2
394 2070 418 2118 iu
446 2067 616 2130 griechiscber

105 2139 225 2206 Spreche.
264 2139 334 2188 Suet.
356 2136 444 2186 Claud.
467 2138 498 2186 41
518 2133 543 2182 ff.

139 2210 165 2263 4.
201 2207 340 2270 ingenium
365 2217 415 2250 am.
443 2206 470 2250 et
487 2206 562 2266 temp.
582 2206 613 2252 ei.

106 2290 164 2326 aur.
184 2288 238 2324 aec.
286 2270 347 2320 Dies
374 2269 408 2318 ist
436 2267 495 2318 mild
525 2284 615 2331 ausge-

105 2341 196 2390 drirclst
214 2336 330 2397 dasselbe
349 2335 446 2385 Urtbeil
463 2352 519 2386 was
538 2335 614 2401 Quiu-

104 2406 176 2457 tilian
194 2403 292 2454 tnlttx.
304 2406 325 2461 l,
338 2405 399 2455 129:
422 2406 450 2453 in
469 2404 614 2469 eloquendo

105 2477 234 2541 eomuptn
255 2471 386 2536 pleraque
411 2477 489 2536 atque
507 2488 536 2522 eo
552 2489 614 2538 per-

33 2556 38 2565 ·
75 2569 85 2580 -
104 2541 289 2602 animosissime,
311 2537 384 2604 quod
400 2539 539 2589 abundant
556 2540 614 2590 dul·

104 2609 178 2659 cibus
195 2609 276 2656 uitiis.
320 2606 349 2656 V
346 2607 407 2656 elles
430 2622 489 2656 eum
506 2621 554 2657 suo
573 2611 613 2657 in-

102 2678 183 2741 genio
194 2675 300 2738 elicisse,
311 2675 398 2735 alieno
414 2675 523 2724 iudicio.
541 2673 613 2725 Nam

104 2746 129 2793 si
145 2743 237 2808 aliqum
255 2745 464 2807 contempsisset,
477 2744 502 2790 si
510 2745 613 2807 partim

102 2826 158 2862 non
184 2813 361 2875 eonmtpisset,
389 2812 414 2869 si
439 2825 494 2859 non
523 2812 614 2860 omnia

102 2894 153 2929 sua
170 2882 296 2940 amasset,
324 2879 349 2925 si
375 2882 465 2926 rmum
489 2877 615 2942 pondera

102 2947 287 2996 minutissimis
313 2946 449 2994 sententies
476 2959 531 2994 non
558 2945 612 3005 sle·

101 3015 191 3076 gebest,
209 3025 337 3061 consenui
344 3014 436 3076 potius
445 3012 624 3062 eruditomtm'

103 3092 183 3143 quam
203 3092 351 3142 puerorum
376 3095 466 3129 amore
492 3093 612 3143 compro-

105 3146 221 3194 baretur.
258 3144 316 3207 Vgl.
338 3146 378 3196 die
396 3146 463 3196 Einl.
484 3146 510 3196 S.
530 3143 590 3194 XX.

136 3211 321 3263 mmmm.
532 3240 536 3255 .

136 3279 160 3330 8.
180 3279 311 3343 Augusto.
347 3281 417 3331 Suet.
427 3280 490 3338 nug.
500 3278 547 3328 86:
561 3273 608 3324 Ge·

102 3360 153 3396 nus
170 3346 312 3412 eloquendi
327 3352 432 3397 secutus
449 3348 488 3392 est
501 3341 608 3405 elegans

102 3419 128 3463 et
144 3419 331 3480 temperatum,
359 3413 449 3462 uitatis
465 3411 608 3458 sententia·

100 3494 161 3533 mm
188 3484 297 3548 ineptiis
321 3485 400 3542 atque
427 3476 608 3525 concinnitate

100 3552 127 3596 et
154 3551 352 3600 reconditorum
387 3542 540 3604 aeonum,
577 3548 609 3592 ut

100 3616 157 3678 ipse
167 3616 240 3677 dicit,
246 3611 408 3676 fontanidum
420 3611 607 3674 praecipuam-

100 3696 150 3745 que
173 3695 266 3732 euram
290 3677 370 3726 auen
390 3690 495 3725 sensnm
522 3680 608 3728 animi

99 3762 179 3812 quam
196 3745 360 3808 apes·tissime
376 3745 534 3808 exprimere.

666 2001 824 2066 Entlernung
848 2003 909 2054 alles
927 2004 1111 2056 Rhetoriscbeu
1136 2006 1180 2057 bei

667 2070 802 2132 Augustus.
999 2119 1001 2124 ,

700 2154 714 2186 e
754 2138 848 2188 endere
858 2138 1005 2200 ‘abwigeu'.
1020 2139 1181 2207 lllrlegteje-

667 2204 733 2255 desi
757 2213 798 2255 ort
809 2205 905 2255 auidis
918 2205 1066 2269 Goldwu'ge,
1088 2209 1114 2258 iu
1133 2210 1181 2261 der

664 2271 953 2338 bestiudigeuVorsicht,
963 2274 1042 2324 uicbts
1048 2275 1181 2344 Uebereil·

665 2346 704 2389 tes
715 2339 764 2388 und
772 2338 1035 2404 Compromittireudes
1045 2359 1077 2392 zu
1087 2359 1175 2407 sagon.

702 2408 741 2457 12.
764 2408 871 2456 turbata
892 2423 978 2472 inens,
1010 2409 1178 2463 ‘Geisteszer-

665 2473 781 2534 rtittung’,
804 2473 957 2539 Wabnsinn.
996 2475 1066 2528 Suet.
1077 2479 1134 2529 cil.
1144 2483 1177 2533 53

665 2541 831 2606 eloquentiae
843 2600 848 2607 ,
859 2543 1017 2609 “plurimum
1052 2547 1176 2612 attendit,

665 2612 835 2673 qtmntnntois
843 2608 977 2671 ineundus
987 2618 1014 2661 et
1024 2621 1176 2680 promptus,

664 2679 755 2741 ulique
772 2679 797 2726 si
810 2679 994 2743 perorandum
1012 2683 1041 2730 in
1058 2681 1177 2746 aliquem

665 2751 730 2795 esset
747 2762 772 2795 u.
793 2761 814 2795 s.
834 2762 867 2796 w.

701 2814 738 2864 13.
751 2814 919 2878 elegantiam.
928 2813 995 2865 Was
1003 2815 1073 2866 Suet.
1085 2815 1188 2879 Claud.

664 2881 694 2930 tt
714 2895 762 2928 von
780 2881 862 2930 eiuem
879 2881 963 2931 seiner
981 2882 1079 2934 Bricher
1105 2894 1173 2948 sest,

662 2945 727 3004 lisst
744 2947 796 2996 sicb
814 2963 862 2995 von
881 2947 930 3007 ihm
950 2949 981 2997 im
1000 2949 1177 3012 Allgemeiusn

664 3013 815 3062 anuebruen:
828 3017 1071 3081 composuitmagis
1083 3021 1177 3086 inepte

662 3093 742 3142 quam
759 3079 933 3143 ineleganter.

698 3147 737 3196 14.
759 3146 870 3208 caelare,
885 3150 1001 3211 pingere
1026 3152 1077 3200 und
1096 3171 1177 3212 ener-

662 3226 721 3261 cere
738 3210 793 3260 sind
810 3211 928 3262 lnliuitivi
947 3215 1068 3266 historici.

697 3279 734 3328 tt.
754 3277 908 3343 aliquando,
925 3280 1028 3331 betout:
1052 3289 1177 3343 ‘curbis-

660 3343 768 3394 weilen'.
805 3346 852 3396 Die
870 3346 991 3398 Lateiner
1015 3349 1177 3412 bezeichnen

662 3411 700 3461 ott
727 3411 768 3462 die
795 3414 990 3480 Beschrainknug
1015 3417 1086 3469 bicbt
1113 3439 1176 3478 aus.

662 3479 803 3540 drdclrlicb,
835 3500 875 3533 wo
902 3484 939 3534 sie
956 3485 1009 3535 sicb
1028 3489 1104 3537 sebon
1124 3507 1174 3546 nus

662 3547 718 3598 dem
729 3547 945 3615 Znsammenbaug
963 3553 1054 3616 ergibt.
1092 3557 1169 3612 Caes.

660 3616 686 3665 b.
707 3615 773 3667 Gall.
793 3618 811 3669 l.
835 3622 875 3678 33,
897 3624 1088 3686 spinosorum
1107 3641 1172 3679 eum

658 3682 797 3750 Sequanos
813 3702 830 3737 a
844 3691 988 3753 prouincia
998 3695 1092 3740 nostra
1099 3690 1172 3746 Illio-

658 3751 745 3803 danus
763 3753 899 3805 diuideret.
919 3755 975 3808 Liv.
986 3757 1110 3811 XXXVI.
1122 3765 1166 3824 to,

134 3817 173 3866 10.
191 3816 275 3860 artem
293 3825 397 3875 quoque
423 3827 447 3860 u.
468 3826 489 3861 s.
509 3828 543 3863 w.
571 3815 606 3866 im
657 3822 764 3870 daenes
779 3836 929 3888 puerosque
940 3825 1014 3875 Boiis
1023 3841 1168 3891 superesse.

98 3879 240 3943 Geqensetz
258 3894 304 3931 zur
315 3878 475 3930 Einlacblreit
492 3881 542 3932 und
560 3883 607 3936 der
656 3885 813 3946 xxxixa,
825 3889 1104 3958 ldieluiumtempom's
1111 3899 1169 3950 inc-
