2550 4350
169 284 230 345 too
560 285 718 360 cornuto
735 286 846 340 'fucl'rt
1110 291 1180 355 (ιιι.
1190 297 1237 341 ιιι

165 447 273 509 virium
295 452 359 508 erat
381 443 460 522 quod
483 442 629 503 firmando
651 441 802 521 praesidio
825 451 855 503 et
876 442 1061 521 capessendo
1084 441 1176 506 bello
1193 444 1237 506 di·

167 520 331 600 videretur‚
355 530 401 588 vel
416 528 450 589 'si
472 527 588 605 integra
611 535 641 588 et
662 527 841 588 incustodito
864 526 1120 608 relinquerentur,
1155 528 1235 591 nulla

155 616 198 676 ,in
221 633 257 676 eo
278 613 393 675 utilitas
416 619 465 673 aut
487 611 581 688 gloria
605 611 685 689 quod
708 622 794 690 capta
817 620 928 673 essent.
982 611 1121 673 Adicitur
1145 613 1236 676 mira·

167 700 265 761 culum
288 697 372 759 velud
389 696 511 757 numine
527 694 674 756 oblatum:
698 712 767 756 uam
790 705 895 766 cuncta
918 698 1013 772 [extra
1035 697 1140 774 tectis]
1165 696 1235 760 hac·

165 793 253 845 tenus
275 783 340 844 sole
369 780 497 842 illustria
526 780 627 852 fuere,
661 781 740 858 quod
774 780 932 842 moenibus
963 780 1161 858 cingebatur,
1195 782 1255 844 itat

70 928 73 934 ,
165 876 290 947 repente
320 875 383 927 atra
416 864 495 926 nube
528 872 704 942 coopertum
734 864 959 943 fulguribusque
985 864 1156 926 discretum
1180 875 1233 940 eet,

166 961 198 1014 ut
220 950 306 1030 quasi
327 947 547 1030 infensantibus
570 949 636 1009 deis
659 948 749 1009 exitio
773 949 849 1010 tradi
873 950 1054 1011 crederetur.
1087 950 1135 1010 Ob
1160 951 1235 1014 hacc

166 1035 369 1097 consalutatus
393 1034 557 1111 imperator
578 1032 674 1105 Nero,
707 1041 738 1093 et
766 1043 887 1095 senatus
916 1033 1053 1095 consulto
1078 1035 1234 1113 supplica-

164 1120 264 1181 tiones
294 1119 428 1190 habitam
465 1126 640 1195 statuaeque
674 1126 704 1177 ct
732 1135 819 1178 arcus
842 1125 872 1179 et
894 1117 1029 1179 continui
1053 1120 1233 1182 consulatus

163 1202 310 1283 principi,
343 1210 433 1281 utque
457 1201 536 1262 inter
557 1201 651 1261 festos
673 1201 835 1262 referretur
857 1202 922 1263 dies
946 1221 1004 1281 qno
1027 1211 1148 1281 patrata
1171 1206 1268 1266 vic-to

73 1325 77 1329 -
162 1287 256 1358 toria,
291 1305 350 1366 quo
374 1285 524 1356 nuntiata,
563 1303 622 1362 quo
650 1284 775 1345 relatum
798 1287 835 1347 de
859 1305 893 1347 ea
922 1295 1019 1364 esset,
1049 1286 1173 1366 aliaque
1202 1288 1234 1351 in

164 1371 289 1432 eandem
319 1371 445 1431 formam
474 1369 692 1440 decernuntur,
731 1370 807 1430 adeo
833 1370 960 1431 modum
989 1388 1111 1448 egressa
1142 1381 1177 1434 ut
1200 1373 1233 1436 C.

162 1455 284 1517 Cassius
307 1454 343 1515 de
366 1452 475 1515 ceteris
503 1453 669 1514 honoribus
698 1452 860 1526 adsensus,
899 1455 923 1515 si
959 1473 1013 1534 pro
1041 1455 1233 1533 benignitate

163 1541 300 1601 fortunae
316 1538 362 1599 dis
379 1548 478 1616 grates
494 1545 662 1615 agerentur,
685 1556 722 1597 ne
738 1546 833 1600 tolum
849 1539 969 1618 quidem
986 1558 1096 1600 annum
1113 1541 1233 1620 suppli-

162 1623 331 1685 cationibus
353 1623 493 1683 sufficere
516 1621 702 1694 disseruerit,
730 1642 826 1702 eoque
841 1632 981 1703 oportere
1004 1623 1098 1690 dividi
1120 1644 1229 1689 sacros
1239 1635 1266 1686 15

140 1698 190 1768 ¹et
211 1707 386 1784 negotiosos
408 1706 489 1780 dies,
512 1707 579 1786 quis
602 1707 702 1768 divina
725 1708 860 1769 colerent
882 1717 910 1769 et
933 1708 1063 1769 humana
1087 1728 1150 1770 non
1172 1710 1230 1772 im-

182 1792 309 1854 edirent.
1234 1825 1237 1830 ·

62 1899 66 1904 ·
107 1810 179 1939 ¹12p
249 1875 345 1937 Variis
374 1874 483 1937 deinde
511 1873 631 1936 casibus
654 1875 780 1936 iactatus
810 1883 839 1935 et
861 1875 1021 1936 multorum
1044 1877 1115 1937 odia
1138 1877 1231 1941 meri·

160 1968 207 2021 tus
230 1979 299 2022 reus
322 1959 401 2021 hand
426 1968 524 2021 tamen
547 1959 614 2021 sine
637 1957 748 2019 invidia
771 1959 904 2037 Senecae
927 1960 1094 2021 damnatur.
1125 1962 1156 2022 ls
1174 1962 1230 2024 fuit

158 2044 282 2106 Publius
305 2043 439 2116 Suillius,
461 2041 799 2122 imperitantectandio
823 2043 966 2106 terribilis
989 2046 1172 2120 novenalis,
1196 2055 1263 2109 etbt

158 2129 324 2190 mutatione
346 2136 514 2205 temporum
537 2144 597 2186 nnn
613 2133 756 2203 quantum
771 2126 886 2188 inimici
903 2138 1047 2208 cuperent
1061 2129 1227 2207 demissus,

159 2213 271 2291 quique
294 2231 327 2273 se
350 2218 509 2271 nocentem
530 2209 624 2269 videri
648 2227 736 2286 quarn
759 2211 926 2289 supplicem
943 2214 1053 2274 mallet.
1077 2213 1153 2276 Eius
1171 2234 1226 2295 op-

157 2296 306 2373 primendi
329 2293 423 2370 gratia
446 2291 604 2370 repetitum
621 2293 799 2355 credebatur
814 2306 934 2359 senatus
957 2298 1128 2359 consultum
1152 2319 1227 2378 poe·

156 2396 254 2455 naque
278 2371 398 2438 Cinciae
425 2377 501 2454 legis
523 2375 680 2437 adversum
710 2380 835 2459 eosqui
860 2381 957 2461 pretio
980 2400 1086 2443 causas
1111 2384 1240 2454 uraris<

156 2467 233 2522 sent.
262 2461 325 2521 Nec
343 2459 467 2522 Suillius
484 2469 664 2539 questuaut
679 2464 910 2542 exprobratione
932 2466 1112 2540 abstinebat,
1136 2476 1262 2548 prae-25

158 2552 203 2606 ter
216 2545 359 2606 ferociam
376 2545 467 2606 animi
482 2556 613 2607 extrema
629 2557 750 2609 senecta
765 2548 844 2610 liber
858 2561 888 2610 et
899 2551 1043 2613 Senecam
1061 2551 1227 2632 increpans

155 2630 307 2691 infensum
330 2629 435 2692 amicis
459 2631 590 2702 Claudii,
623 2631 680 2691 snb
703 2651 762 2712 quo
785 2634 982 2696 iustissimum
1007 2634 1131 2697 exilium
1154 2657 1224 2717 per·

154 2715 282 2776 tulisset.
327 2715 422 2777 Simul
450 2716 558 2776 studiis
588 2715 736 2778 inertibus
759 2729 789 2780 et
810 2719 947 2780 iuvenum
970 2719 1131 2797 inperitiae
1153 2741 1224 2784 sue-

153 2808 217 2860 tum
238 2801 331 2863 livere
353 2800 392 2862 iis
415 2801 465 2879 qui
478 2800 603 2861 vividam
620 2810 651 2861 et
664 2801 868 2883 incorruptam
884 2804 1085 2883 eloquentiam
1102 2807 1225 2868 tuendis

183 2968 207 3015 4.
246 2972 324 3015 entra
342 2968 416 3015 tectio
439 2965 473 3014 ist
490 2964 530 3013 die
549 2964 658 3034 Corrup-
683 3007 687 3012 .
711 2969 903 3031 Gescbtiftstagc
937 2969 1003 3026 sein,
1042 2984 1073 3019 an
1109 2971 1225 3025 welcbcu

66 3058 72 3065 ·
149 3030 182 3080 tel
201 3031 270 3080 ciues
290 3032 431 3088 Glossema,
459 3028 504 3081 das
523 3037 659 3099 ursprfrng·
709 3036 816 3087 fetztern
835 3052 863 3086 es
876 3036 963 3100 jedem
985 3036 1168 3090 uubenommen
1187 3041 1225 3092 sci

105 3112 115 3120 ·
147 3096 196 3145 licb
221 3103 299 3146 eoba
324 3103 392 3147 teoto
420 3098 483 3148 oder
509 3105 657 3153 ooetrniectn
709 3104 749 3153 die
769 3102 858 3154 thter
876 3120 907 3152 zu
925 3105 1056 3163 verebreu,
1079 3107 1144 3158 obne
1163 3109 1225 3160 dass

146 3163 251 3213 lautete.
287 3162 363 3214 Nicbt
386 3163 454 3215 bloss
478 3167 523 3217 das
547 3171 657 3221 busseu-
709 3171 749 3219 die
766 3169 1161 3238 meuscbliebenVerriclrtungen
1181 3192 1224 3240 ga-

145 3229 261 3291 liegeude
278 3232 390 3298 wnrxbis
408 3249 464 3284 zum
482 3235 588 3289 Eintritt
611 3239 671 3288 des1
708 3237 807 3287 bindert
828 3239 943 3295 worden.

146 3297 281 3359 grittlicben
304 3299 426 3352 Zeiobens
452 3303 516 3361 boll,
546 3306 654 3356 soudcm
739 3301 788 3358 42.
809 3306 850 3358 20.
870 3307 980 3357 Publius
998 3306 1120 3359 Suillius.
1144 3311 1171 3362 S.
1190 3328 1223 3363 zu

59 3393 63 3397 -
145 3364 221 3423 Alles,
243 3367 340 3417 sowobl
358 3369 398 3419 die
417 3370 490 3422 Stadt
511 3371 548 3422 als
567 3373 655 3433 Umgc·
705 3369 748 3421 lV.
770 3374 811 3423 31.

145 3435 218 3495 gend.
238 3435 372 3486 Hactenus
389 3437 423 3488 ist
443 3439 490 3490 ‘bis
505 3437 653 3502 dnbin'qbis
724 3441 779 3506 «23.
787 3445 928 3507 repetitum
946 3442 1104 3493 beziebtsiclr
1119 3447 1228 3497 uurnuf

143 3517 175 3550 zu
194 3502 279 3553 dieser
295 3502 361 3566 Zeit)
380 3507 429 3556 wie
448 3523 469 3556 c.
490 3508 533 3557 47.
705 3507 752 3556 den
770 3507 864 3560 lubnlt:
887 3512 951 3560 deun
963 3509 1224 3565 einSenatseou·

162 3572 201 3621 -6.
243 3572 398 3637 litigaretur
422 3573 564 3623 dumetum
594 3577 650 3621 ‘von
702 3575 771 3625 sult
789 3577 1003 3639 gleicbeulnbults
1023 3578 1092 3628 butte
1112 3581 1222 3635 esnicbt

142 3634 238 3688 Btitzeu
256 3639 385 3697 zertbeilt’,
411 3637 586 3689 *durenzocttt
647 3672 653 3681 =
701 3657 748 3693 vor
765 3644 821 3694 dem
838 3661 860 3694 c.
875 3648 889 3696 5
907 3646 1072 3704 bericbtcten,
1096 3663 1153 3698 was
1165 3650 1224 3701 bier

180 3707 215 3756 tt.
236 3704 263 3755 C.
286 3707 396 3757 Caecius.
433 3705 459 3754 S.
480 3720 510 3753 zu
528 3703 585 3754 Xll.
607 3708 648 3757 ll.
700 3711 809 3772 gemeiut
826 3712 866 3767 ist,
888 3714 1008 3776 gegeben.

177 3775 215 3823 15.
234 3773 320 3823 dividi
335 3786 426 3828 sacros
448 3776 475 3820 et
499 3775 649 3836 negotiosos
734 3781 774 3828 27.
796 3780 913 3828 eccillum.
951 3780 975 3831 S.
994 3796 1026 3829 nn
1044 3778 1101 3831 ΧΗ.
1120 3784 1145 3834 8.

141 3838 196 3889 dier
214 3856 236 3888 u.
257 3855 278 3888 s.
298 3853 342 3897 w.,
364 3839 387 3887 d.
409 3839 431 3887 b.
450 3839 491 3887 ein
509 3838 581 3890 Tboil
602 3841 649 3892 der
733 3846 1023 3911 28.rtudt'trinerttbrcr,
1038 3846 1211 3915 Philosopbie,

139 3905 209 3968 Tage
226 3907 335 3956 mdssten
354 3905 457 3969 beilige,
483 3908 534 3975 ¹drtr
550 3909 663 3971 altere,
699 3911 822 3963 Rhetorik
840 3913 889 3963 und
908 3915 1009 3973 Poesie;
1031 3918 1158 3967 iuuenum
1169 3921 1213 3971 in-

99 3996 118 4045 t,
