2550 4350
92 295 153 355 154
192 248 219 269 ⁸
482 297 640 351 cannam
657 297 770 351 racrrr
1062 302 1187 363 (tusc

118 458 246 518 ciuntur.
269 455 363 532 lgitur
385 454 512 515 accitum
535 472 601 514 eum
625 453 734 513 Caesar
755 452 1001 530 operaepriaris
1027 454 1189 518 admonet:

117 542 214 603 salam
247 539 445 601 incolumitati
478 537 626 616 principis
654 538 795 597 adversus
832 537 1031 597 insidiantem
1062 547 1191 602 matrem

19 674 22 685 .
118 625 309 695 subvenisse3
332 623 431 684 locum
454 623 532 683 baad
556 621 681 681 minaris
704 622 815 699 gratiae
837 621 960 693 instare,
984 622 1011 681 si
1029 625 1192 700 coniugem

116 711 264 770 infensam
288 708 461 785 depelleret.
485 707 547 766 Nec
570 724 659 766 manu
675 718 726 765 aut
742 707 800 765 telo
817 725 909 784 opus:
934 706 1087 767 fateretur
1104 707 1191 770 Octa-

117 795 182 854 viae
206 793 392 853 adulterium.
431 791 554 850 Occulta
578 789 699 868 quidem
722 791 757 849 ad
781 807 927 866 praesens
950 790 1005 849 sed
1028 809 1145 868 magna
1165 793 1211 855 eit

24 866 29 872 ’
116 878 250 956 praemia
280 885 309 936 et
337 892 478 936 secessus
508 892 651 934 amoenas
680 874 837 951 promittit,
867 874 922 945 vel,
951 874 977 933 si
1008 878 1190 952 negavisset,

119 980 223 1023 necem
248 961 384 1021 intentat.
407 960 460 1019 llle
483 959 572 1019 insita
594 957 734 1018 vecordia
757 966 787 1018 et
808 957 951 1018 facilitate
975 958 1118 1036 priorum
1141 963 1189 1022 lla-

119 1047 258 1124 gitiorum
282 1046 366 1122 plura
390 1042 479 1104 etiam
503 1061 590 1121 quam
614 1043 715 1102 iussus
738 1049 802 1102 erat
822 1042 909 1117 fingit
923 1043 1099 1122 fateturque
1114 1045 1190 1124 apud

118 1131 242 1199 amicae,
276 1148 351 1207 quos
383 1129 463 1188 velut
495 1127 623 1187 consilio
654 1126 830 1187 adhibuerat
857 1126 1021 1204 princeps.
1054 1129 1135 1190 Tum
1162 1130 1189 1190 in

31 1240 34 1244 ’
119 1213 289 1275 Sardiniam
320 1213 449 1291 pellitur,
482 1211 625 1283 ubinan
656 1211 744 1289 inops
768 1210 887 1270 exilium
912 1211 1054 1272 toleravit
1077 1223 1108 1274 et
1131 1215 1218 1276 latatt

66 1293 204 1364 eeobiit.
248 1298 291 1357 Ad
314 1297 393 1357 Nera
426 1297 609 1375 praelectum
639 1295 669 1354 in
693 1313 777 1373 spem
801 1295 963 1355 sociandae
986 1295 1101 1358 classis
1125 1317 1188 1363 aar·

119 1390 249 1460 ruptum,
279 1387 309 1440 et
337 1381 492 1440 incusatae
519 1380 608 1456 paula
637 1387 705 1455 ante
735 1377 903 1439 sterilitatis
928 1379 1041 1440 oblitus
1067 1382 1188 1444 abactas

119 1475 224 1546 partus
247 1465 433 1526 canscientia
455 1463 623 1534 libidinum,
647 1482 742 1541 eaque
760 1462 818 1522 sibi
835 1471 989 1542 comperta
1007 1465 1111 1526 edicto
1127 1486 1188 1528 me·

118 1561 216 1612 marat
238 1549 395 1628 insulaque
416 1549 595 1608 Pandateria
619 1547 769 1608 Octaviam
793 1547 914 1608 claudit.
947 1548 1016 1607 Non
1040 1550 1101 1612 alia
1124 1550 1188 1612 exul

117 1634 277 1696 visentium
300 1635 405 1694 oculas
428 1633 541 1693 maiore
564 1631 772 1693 misericordia
789 1632 898 1692 affecit.
921 1633 1123 1696 Meminerant
1138 1638 1218 1697 ιιι-15

119 1720 177 1779 buc
201 1719 321 1796 quidam
343 1717 524 1797 Agrippinae
548 1736 563 1777 a
587 1717 719 1788 Tiberio,
752 1717 902 1777 recentior
924 1717 1017 1778 lullae
1042 1721 1187 1781 memoria

120 1803 335 1864 obversabatur
356 1823 372 1864 a
395 1803 519 1863 Claudio
542 1801 657 1880 pulsae.
682 1802 741 1862 Sed
764 1802 825 1861 illis
848 1801 940 1861 robur
963 1805 1073 1864 aetatis
1098 1807 1186 1866 allue-

119 1897 182 1960 rat3
212 1888 288 1948 laeta
321 1888 420 1964 aliqua
446 1887 583 1947 viderant
609 1895 639 1946 at
660 1894 851 1964 praesentem
874 1886 1028 1947 saevitiam
1052 1886 1187 1963 melioris

119 1973 189 2033 alim
214 1973 351 2034 lortunae
373 1970 581 2032 recordatione
604 1971 781 2032 allevabant.
825 1970 901 2031 Huic
927 1970 1044 2048 primus
1070 1975 1186 2052 nuptia·

117 2075 182 2118 rum
207 2057 272 2116 dies
294 2055 362 2115 laco
386 2055 500 2115 luneris
523 2055 588 2127 tuit,
611 2056 756 2117 deductae
779 2055 810 2114 ln
833 2055 954 2115 domum
976 2055 1008 2116 in
1032 2075 1093 2134 qua
1110 2058 1217 2119 nihtta

118 2141 178 2201 nisi
200 2140 370 2200 luctuosum
393 2139 526 2211 baberet,
550 2149 652 2217 erepta
675 2158 730 2217 per
755 2146 902 2199 venenur'n
925 2148 1008 2217 patre
1032 2150 1063 2201 et
1086 2143 1186 2204 statim

119 2226 227 2295 iratre3
256 2232 316 2283 tum
347 2222 454 2283 ancilla
483 2223 603 2283 domina
625 2223 752 2282 validior
773 2234 802 2282 et
824 2224 965 2302 Poppaea
988 2243 1049 2285 nan
1075 2226 1135 2288 nisi
1157 2228 1186 2288 in

117 2306 283 2386 perniciem
313 2307 413 2366 uxoris
443 2315 543 2385 nupta,
572 2315 725 2384 postrema
756 2306 869 2367 crimen
899 2308 980 2368 amni
1004 2309 1098 2370 exitio
1122 2331 1184 2390 gra·

66 2395 106 2456 64
117 2389 193 2450 vius.
236 2390 277 2448 Ac
299 2388 398 2466 puella
420 2389 563 2449 vicesimo
586 2390 693 2450 aetatis
716 2408 804 2474 anna,
836 2392 915 2452 inter
937 2394 1134 2458 centuriones
1157 2403 1185 2457 et

117 2470 239 2544 milites,
264 2473 420 2551 praesagia
443 2473 589 2533 malorum
612 2473 671 2535 iarn
687 2475 745 2535 vita
762 2487 908 2555 exempta,
932 2479 1066 2539 nondum
1087 2488 1217 2542 tamenta

117 2565 214 2619 morte
242 2557 463 2636 acquiescebat.
506 2558 614 2619 Paucis
643 2560 753 2622 dehinc
781 2561 947 2623 interiectis
977 2562 1087 2625 diebus
1110 2564 1185 2626 mari

118 2643 246 2716 iubetur,
276 2658 342 2704 cum
371 2642 430 2704 iarn
459 2643 578 2706 viduam
607 2663 640 2707 se
669 2652 699 2706 et
728 2654 841 2708 tantum
865 2665 1002 2708 sororem
1027 2658 1185 2711 testaretur

117 2746 352 2809 communesque
385 2729 580 2792 Germanicos
613 2737 644 2792 et
674 2742 828 2812 postrema
858 2731 1041 2811 Agrippinae
1075 2752 1183 2796 nomen

148 2918 172 2966 t.
192 2913 338 2974 facilitate,
368 2914 451 2964 Ueber
476 2915 524 2964 den
547 2914 623 2965 Abla·
710 2917 750 2967 22.
772 2915 880 2978 ancilla,
899 2918 971 2965 Acte.
993 2915 1019 2965 S.
1041 2917 1111 2968 Xlll.
1133 2919 1171 2970 tt.

113 2981 149 3028 tlv
168 2997 199 3028 zu
217 2980 260 3030 lll.
274 2983 314 3032 24.
708 2979 760 3040 64.
781 2985 821 3036 25.
841 2986 984 3048 praesagia
1003 3013 1036 3022 —
1056 2991 1184 3052 canapeo.

146 3049 170 3097 9.
207 3047 280 3095 celat
312 3047 423 3095 consilia
456 3048 635 3113 adhibuerat,-
673 3049 742 3101 Was
765 3051 802 3099 sie
822 3051 890 3114 jetzt
912 3050 954 3101 litt
976 3053 1134 3103 verlnindete
1152 3054 1186 3102 ib-

112 3113 234 3162 waibrend
260 3129 289 3161 er
312 3113 375 3162 tiber
394 3113 500 3164 Octavia
524 3132 555 3165 zu
573 3115 622 3167 Ge·
674 3133 719 3168 ren
737 3119 817 3166 naben
836 3118 1017 3179 gervaltsnrnen
1036 3119 1101 3170 Tad.
1124 3120 1185 3172 Vita

111 3179 177 3228 ricbt
194 3193 258 3228 sass.
280 3179 305 3228 S.
327 3195 357 3228 zu
376 3179 417 3229 lll.
435 3184 474 3232 ta.
673 3186 707 3235 ist
730 3185 776 3233 der
793 3184 901 3244 Ablativ,
929 3193 1054 3252 eccernpta
1072 3190 1119 3238 der
1136 3186 1185 3238 Na-

146 3241 198 3302 63.
220 3249 259 3296 11.
279 3246 325 3295 Aa
341 3247 382 3296 tar
400 3254 435 3298 at.
672 3251 782 3307 minativ,
817 3252 872 3302 eine
900 3254 945 3314 bei
969 3254 1057 3305 Livius
1088 3256 1185 3318 baiulige

149 3315 187 3365 13.
218 3317 381 3365 conscientia
408 3317 562 3384 libidinum,
597 3321 622 3370 in
673 3318 858 3369 construction.

111 3381 189 3444 Folge
213 3382 290 3432 deren
315 3383 352 3432 sie
377 3385 445 3436 nicbt
462 3396 564 3450 gewagt
580 3388 621 3438 die
706 3387 747 3437 28.
775 3401 976 3454 communesque
1005 3389 1184 3442 Gennanicos.

110 3450 207 3501 Kinder
225 3451 266 3500 liin
283 3452 394 3503 ebelicbe
412 3455 579 3519 auszugeben.
669 3452 777 3512 Drusus,
808 3457 854 3507 der
880 3457 961 3508 Vater
989 3458 1035 3508 des
1065 3459 1186 3510 Claudius

110 3534 228 3637 ..llll
238 3520 479 3641 alterabit·
498 3525 564 3572 “¹⁸⁸⁸
591 3535 621 3570 ον
671 3521 1186 3645 tl.latablata“tlltlllttl

146 3647 185 3706 1'4.
205 3654 375 3708 Pandateria.
396 3657 421 3707 S.
442 3673 473 3705 zu
491 3654 510 3705 l.
532 3656 573 3705 53.
672 3656 836 3708 Germanicus
855 3660 977 3710 erbalten.
999 3660 1025 3710 S.
1048 3679 1079 3712 zu
1099 3664 1119 3712 l.
1141 3666 1183 3714 31.

145 3725 184 3774 16.
213 3723 396 3790 Agrzppr'nae,
416 3724 462 3772 der
488 3720 617 3772 Gemablin
671 3724 789 3774 Claudius
818 3741 874 3775 war
897 3728 979 3778 Vater
1006 3729 1053 3777 der
1078 3730 1186 3780 Octavia

25 3812 28 3817 ·
109 3789 153 3840 des
173 3790 344 3842 Germanicus.
366 3792 391 3840 S.
413 3806 443 3838 zu
462 3789 526 3841 V-b.
547 3789 619 3840 latta
669 3793 719 3841 und
738 3792 919 3856 Adoptivvatcr
943 3797 988 3844 des
1012 3793 1091 3853 Nera,
1122 3797 1186 3848 Ger·

108 3856 142 3905 ist
169 3858 209 3907 die
235 3858 345 3906 Tacbtcr
372 3857 417 3907 des
442 3856 614 3907 Germanicus.
669 3858 780 3909 manicas
810 3859 896 3911 Obeim
923 3863 968 3912 der
995 3863 1104 3913 Octavia
1134 3866 1185 3915 und

34 3933 39 3944 ·
109 3923 135 3972 S.
156 3940 187 3972 zu
206 3922 264 3973 ΧΗ.
285 3925 310 3975 8.
670 3926 892 3993 Grassvaterdes
915 3929 992 3981 Nero.
1030 3930 1079 3981 Die
1097 3930 1185 3984 Neob-
