2550 4350
143 289 208 351 234

533 298 678 351 connum
697 297 808 350 raoni
908 285 912 291 '

1091 304 1212 358 (nulls

146 475 202 536 per
224 454 378 515 contiones
402 451 554 514 incendo?
597 454 640 512 An
662 452 702 513 illi
726 453 845 531 quidem
870 452 1122 532 septuagesimum
1145 461 1213 513 arcte

78 597 80 601 ,
133 556 255 601 annum
278 538 437 617 perempti,
467 537 615 616 quomodo
638 536 814 615 imaginibus
844 536 908 596 suis
931 545 1111 607 noscuntur,
1141 556 1214 615 quas

10 693 13 703 ,
145 643 184 684 ne
206 623 300 684 victor
321 623 438 700 quidem
462 621 597 692 abolevit,
620 621 664 682 sic
678 629 791 701 partem
813 621 973 701 memoriae
989 622 1066 698 apud
1082 621 1213 700 scripto-

64 726 68 731 ·
145 727 196 768 res
225 705 379 768 retinent?
423 706 515 766 Suum
545 705 651 784 cuique
678 706 768 766 decus
791 705 951 783 posteritas
975 705 1126 784 rependit;
1160 724 1215 767 nec

146 793 266 863 derunt,
302 793 327 851 si
356 791 504 850 damnatio
534 790 660 867 ingruit,
694 789 824 868 quinon
848 791 936 850 modo
961 789 1056 850 Cassii
1080 800 1109 851 et
1130 790 1240 852 Brutia

145 887 193 939 set
224 877 311 937 etiarn
345 876 401 935 mei
441 874 638 935 meminerint.
698 874 845 952 Egressus
883 875 950 934 dein
988 881 1093 934 senatu
1124 875 1213 935 vitam

147 961 324 1023 abstinentia
348 959 453 1038 linivit.
506 959 614 1020 Libros
644 977 698 1036 per
726 959 835 1020 aediles
864 959 1039 1019 cremandos
1069 976 1214 1019 censuere

146 1054 332 1126 patres;·set
353 1052 543 1113 manserunt,
567 1042 702 1102 occultati
726 1052 755 1103 et
777 1043 857 1103 editi.
899 1042 964 1114 Quo
988 1042 1080 1120 magis
1103 1061 1211 1102 socor-

145 1131 223 1191 diam
253 1149 355 1189 eorum
383 1128 513 1188 inridere
544 1126 631 1198 libet,
665 1127 713 1205 qui
745 1128 894 1205 praesenti
925 1128 1056 1204 potentia
1088 1127 1214 1188 credunt

146 1214 275 1290 extingui
298 1230 389 1292 posse
413 1211 499 1271 etiam
523 1211 676 1289 sequentis
699 1213 761 1271 aeri
784 1211 969 1271 memoriam.
1011 1212 1084 1271 Nam
1107 1221 1211 1272 contra
1226 1223 1254 1270 to

144 1298 257 1377 punitis
281 1296 406 1374 ingeniis
430 1295 525 1372 gliscit
547 1295 721 1366 auctoritas3
752 1315 848 1374 neque
877 1294 948 1356 aliut
977 1295 1089 1355 externi
1113 1314 1211 1373 reges,

68 1401 72 1409 ·
145 1389 195 1442 aut
217 1381 265 1459 qui
288 1380 391 1443 eadem
414 1380 534 1439 saevitia
558 1381 605 1440 usi
627 1388 705 1451 sunt,
736 1379 792 1440 nisi
815 1379 942 1440 dedecus
966 1380 1022 1439 sibi
1045 1388 1133 1457 atque
1155 1380 1214 1439 illis

147 1465 268 1544 gloriam
291 1482 445 1542 peperere.

94 1554 135 1616 36
164 1574 173 1582 ·
233 1549 371 1609 Ceterum
399 1547 585 1626 postulandis
613 1547 673 1608 reis
702 1557 760 1608 tam
790 1548 947 1608 continuus
975 1565 1071 1607 annus
1101 1548 1154 1607 luit
1183 1557 1215 1608 ut

145 1634 284 1695 lariorum
305 1633 474 1694 Latinarum
498 1632 603 1693 diebus
626 1634 806 1710 praelectum
830 1631 912 1693 urbis
934 1631 1081 1700 Drusum,
1107 1632 1256 1710 auspi-lo

147 1718 343 1803 candi'gratia
368 1717 493 1778 tribunal
515 1717 700 1796 ingressum,
732 1716 837 1776 adierit
859 1716 1033 1795 Calpurnius
1058 1716 1213 1807 Salvianus

177 1894 225 1957 35.
263 1904 283 1951 l.
309 1901 414 1965 quidem
439 1901 498 1950 heht
521 1901 575 1950 ilire
594 1900 656 1951 Per,

144 1985 187 2018 son
208 1969 279 2031 (illi)
301 1969 392 2018 horror
412 1968 442 2017 im
463 1967 605 2030 Gegensotz
623 1984 653 2016 zu

144 2037 214 2086 ihren
233 2037 334 2087 Bildern
361 2037 408 2084 und
434 2036 512 2085 ihrem
531 2035 654 2085 Geddclat-

144 2105 195 2154 uiss
213 2104 254 2153 hei
273 2104 320 2152 deo
339 2103 546 2152 Scliriilstellcrn.

177 2173 400 2236 smnaagenraam
418 2175 480 2218 ante
494 2185 601 2232 anniam,
620 2171 653 2221 42

143 2240 225 2289 ach.
256 2237 323 2297 ‚Alsa
341 2237 421 2286 runde
439 2236 509 2286 Zalil.

179 2307 201 2355 2.
239 2320 305 2369 paras
337 2333 369 2341 -
402 2305 521 2355 abolevit.
568 2304 594 2354 S.
622 2321 652 2354 zu

144 2370 257 2422 rnna
299 2371 303 2379 '

180 2442 202 2489 5.
222 2438 320 2487 derant
337 2438 378 2487 scir
396 2438 513 2487 demant.

179 2508 201 2558 8.
227 2506 367 2568 occultati,
402 2507 550 2555 hesonclers
576 2507 653 2557 durch

144 2574 214 2627 scine
232 2573 343 2626 Toclrtcr
359 2572 478 2637 laurera,
508 2589 538 2623 an
557 2575 653 2624 welche

144 2641 254 2692 Senecas
284 2640 434 2693 Consolatio
461 2642 498 2692 ad
521 2642 654 2693 Marcione

144 2710 268 2772 gerichtet
286 2709 325 2760 ist.
359 2711 385 2759 S.
400 2711 456 2761 dort
470 2726 491 2758 c.
503 2714 531 2761 1:
556 2709 589 2763 Ut
605 2711 655 2761 ali-

144 2780 222 2843 'paam
241 2780 405 2829 occasionem
424 2781 537 2831 mactatio
557 2784 654 2843 ternpo-

142 2861 203 2899 ram
230 2844 316 2908 aedat,
342 2847 479 2910 ingenium
495 2848 584 2911 patrio
605 2847 652 2908 tui,

142 2912 175 2962 da
192 2927 243 2976 qao
261 2918 395 2976 sumptam
413 2915 653 2979 er=atsappliciarn‚

141 2981 171 3028 in
188 2994 264 3029 arram
282 2981 418 3031 nominem
443 2981 578 3033 reduxisti
594 2985 621 3030 ec
636 2995 653 3030 a

142 3061 206 3096 aera
224 3046 300 3096 illam
318 3049 464 3098 vindicasti
473 3054 558 3099 morto
571 3062 602 3096 aa
612 3062 653 3095 re·

141 3115 254 3164 stilaistc'
286 3117 315 3164 in
338 3117 448 3181 pellica
481 3117 652 3166 monumenta

143 3181 225 3231 libros
250 3198 316 3246 qaas
345 3187 388 3234 vir
417 3184 462 3234 ille
490 3183 652 3244 fortissimae

141 3252 275 3314 sanguine
302 3266 351 3301 sao
378 3253 530 3317 scripserat.
579 3247 649 3299 Suet.

143 3315 195 3369 Col.
220 3320 269 3369 ro:
291 3317 426 3379 (Caligula)
456 3313 510 3365 Tra
531 3312 651 3374 Labieni,

143 3384 224 3437 Cordi
235 3384 369 3445 ercanradi,
387 3382 472 3432 Cassii
482 3380 574 3431 Severi
586 3381 652 3428 scri-

137 3459 197 3524 pta,
214 3456 321 3503 cenatas
340 3449 467 3499 consultis
485 3447 593 3510 abolita,
610 3463 652 3495 re-

142 3524 216 3587 quiri
233 3523 258 3568 et
275 3532 328 3565 osse
346 3517 374 3562 in
390 3515 511 3564 marcidas
525 3514 651 3575 lectitari·

141 3603 191 3659 que
212 3586 463 3714 ‚wlspiiacfectam
481 3651 561 3700 ordis.
591 3649 651 3701 Die-

140 3734 183 3769 ser
201 3716 391 3768 Stellrertreter
409 3719 455 3767 der
473 3717 581 3768 Consule
601 3721 650 3771 und

140 3786 245 3849 dbrigen
256 3786 374 3836 Bemnten
393 3786 416 3834 in
431 3787 477 3837 den
489 3785 650 3838 Larinisciren

140 3855 245 3912 Parion,
274 3855 394 3904 uilbrord
413 3854 449 3904 sie
470 3871 509 3904 uin
528 3856 568 3906 die
587 3856 650 3906 irbii-

139 3922 200 3971 chen
227 3923 305 3988 Opler
327 3939 359 3977 su
384 3922 520 3983 vollzielrn,
554 3920 649 3975 welche

706 1901 758 1949 sicli
776 1915 824 1948 von
844 1898 898 1949 deni
917 1899 1055 1949 Bdudnisse
1074 1900 1150 1949 lionis
1174 1901 1221 1951 mit

707 1968 753 2016 den
764 1967 883 2016 Latincrn
896 1967 1082 2026 lierschrieben,
1104 1969 1152 2017 aul
1161 1969 1218 2019 dein
1272 2023 1274 2027 y

706 2034 880 2096 Albonerberg
902 2050 1003 2090 waren.
1033 2035 1067 2089 ist
1091 2036 1158 2084 niclrt
1185 2053 1217 2085 zu

705 2101 876 2155 verwechseln
912 2102 956 2152 niit
991 2102 1046 2168 decu
1079 2103 1217 2153 stehcnden

705 2169 918 2235 Studlprcilecten.
950 2168 976 2218 S.
998 2169 1041 2219 Vl.
1058 2173 1095 2220 ll.
1124 2170 1219 2219 'Sciron

705 2237 729 2286 in
754 2238 800 2287 der
822 2236 1131 2302 republikanischenZeit
1149 2253 1219 2286 wirr-

704 2306 752 2354 deu
777 2304 840 2353 dazu
863 2305 941 2368 junge
961 2305 1040 2354 Leute
1064 2300 1110 2354 uus
1130 2305 1219 2361 >erilem

705 2371 854 2422 Gcsclrleclit
871 2387 917 2420 von
938 2373 998 2421 noclr
1013 2373 1080 2422 niclrt
1093 2373 1219 2422 senatori-

705 2440 788 2491 salrem
798 2439 870 2489 Alter
888 2456 1041 2501 genonnnen.
1069 2438 1216 2490 derlxtv.

705 2510 735 2560 8:
766 2507 934 2568 Praefectum
964 2509 1026 2558 arbi
1052 2506 1218 2557 Latinamve

705 2589 787 2624 caasa
816 2576 938 2625 relictam
969 2581 1089 2625 sanatam
1118 2576 1220 2627 habere

705 2658 781 2709 pocae
799 2644 893 2694 lanias
910 2643 1088 2705 (Gracchanus,
1115 2642 1218 2703 zenge-

704 2727 777 2763 nosse
793 2712 837 2761 des
849 2711 876 2761 C.
888 2711 1025 2770 Gracchus)
1043 2716 1132 2776 negat,
1152 2727 1218 2777 qao-

704 2781 777 2828 niam
795 2794 828 2828 ne
850 2784 959 2829 senator
983 2779 1088 2845 alcidem
1111 2781 1148 2828 sit
1170 2795 1217 2828 ae-

704 2862 754 2911 qae
771 2849 814 2896 ias
838 2848 935 2896 lrabeat
955 2848 1100 2896 sententiae
1126 2846 1218 2896 dicen·

705 2913 762 2977 dae,
781 2929 840 2963 cam
859 2930 893 2962 ecc
910 2930 941 2963 ea
959 2919 1045 2964 aetate
1059 2914 1219 2978 praefectus

703 2981 754 3042 fiat
771 2995 839 3044 qaae
862 2995 916 3028 non
940 2984 976 3028 sit
998 2984 1141 3032 senatoria.
1178 2980 1216 3031 Μ.

703 3052 791 3096 autom
809 3046 898 3095 Varro
917 3051 943 3095 ct
956 3047 1050 3097 Ateius
1061 3047 1154 3114 Capito
1173 3051 1218 3098 ias

702 3128 755 3230 2⁸⁸⁶
786 3113 924 3178 praesecto
957 3119 1065 3163 renatas
1100 3116 1220 3165 labendi

721 3182 801 3229 icant.

736 3247 862 3295 Drusum.
908 3243 1002 3295 lnscltr.
1030 3246 1053 3295 l.
1082 3247 1125 3296 Or.
1148 3252 1214 3301 aar:

702 3313 791 3364 Draco
812 3311 942 3378 Caesari,
971 3312 1134 3378 Germo]nicc'
1153 3316 1219 3368 Cae·

703 3382 772 3430 sarc's
791 3380 832 3446 [l.
854 3379 909 3447 Ti]
928 3381 997 3446 Aag.
1017 3397 1053 3444 n.‚
1072 3381 1129 3431 divi
1140 3385 1217 3449 Aag.

705 3448 813 3516 [prom]
822 3450 1037 3514 praefectoriam,
1048 3450 1142 3516 [sodali
1150 3453 1217 3521 Aa}

702 3517 812 3581 gratati.
849 3520 973 3570 Bonancsr.

736 3586 897 3651 auspicandi
911 3589 1019 3651 gratia,
1049 3585 1087 3636 als
1104 3584 1217 3637 Zeichen

701 3653 760 3704 dass
789 3669 818 3703 er
843 3655 912 3704 scine
940 3655 1146 3717 Amtsthciliglreit
1172 3654 1220 3704 be·

701 3721 783 3784 ginno.
823 3721 893 3771 Suet.
914 3719 974 3771 Ner.
992 3726 1020 3773 ῖς
1050 3722 1218 3788 Araspc’aatas

701 3794 741 3838 ert
768 3793 792 3837 et
820 3789 1032 3840 iurisdictionem
1057 3790 1218 3855 praefectus

701 3857 763 3905 arbi
778 3870 856 3906 sacro
874 3855 1034 3906 Latinamtrn
1042 3895 1050 3919 ‚
1075 3858 1215 3907 celeberri-

700 3925 751 3973 mis
764 3927 890 3997 patronis
913 3940 968 3974 non
994 3924 1158 3987 tralaticia,
1183 3930 1218 3975 at
