2550 4350
102 226 169 313 56'
448 288 453 295 .
494 244 653 298 eorunm
669 244 782 298 ulem
1033 249 1173 313 ⁴(casce

100 413 197 476 ricem
229 402 374 466 lambunt.
431 399 466 459 ld
499 399 604 460 foedus
632 417 773 463 arcanum
800 398 929 462 babetur
957 401 1043 480 quasi
1065 413 1173 468 mutuo

101 495 209 565 cruore
239 493 398 548 sacratum.
450 482 509 543 Sed
532 494 603 544 tunc
625 483 677 562 qui
701 503 735 544 ea
757 484 855 562 vincla
877 485 1063 560 admovebat,
1087 488 1174 551 deci·

102 579 184 642 disse
206 570 351 632 simulans
367 585 463 645 genua
474 566 655 628 Mithridatis
666 567 790 629 ‚invadit
805 569 964 649 ipsumque
985 574 1174 650 prosternit3

102 659 251 737 simulque
274 670 423 728 concursu
444 649 576 731 plurium
597 651 762 713 iniciuntur
785 660 917 716 catenae.
948 655 991 714 dc
1013 658 1173 736 compede,

103 744 183 824 quod
206 740 387 802 dedecorum
409 732 562 808 barbaris,
578 735 774 811 ¹trahebatur3
803 755 930 817 moxque
948 738 1069 815 uulgus,
1093 741 1197 804 durch

101 826 229 907 imperio
257 821 407 891 habitum,
440 818 552 898 probra
575 838 610 881 ac
631 819 755 881 verbera
782 820 959 883 intentabat.
1016 823 1055 884 Et
1084 835 1175 888 erant

101 919 206 974 contra
240 905 291 986 qui
325 912 439 965 tantam
471 903 610 965 fortunae
644 905 906 966 commutationem
941 905 1170 970 miserarentur.

101 996 270 1069 secutaque
304 1005 371 1049 oum
402 985 504 1065 parvis
536 986 641 1049 liberis
675 989 784 1049 coniux
812 997 918 1049 cuncta
951 989 1169 1056 lamentatione

100 1075 282 1155 complebat.
339 1071 472 1132 Diversis
500 1079 531 1132 et
563 1072 709 1144 contectis
731 1071 877 1133 vehiculis
899 1071 1064 1148 abduntur,
1095 1075 1171 1137 dum

99 1156 311 1225 Pharasmanis
334 1155 415 1215 iussa
435 1155 675 1232 exquirerentur.
719 1155 766 1216 Illi
789 1157 901 1234 cupido
923 1157 1008 1234 regni
1029 1159 1125 1220 tratre
1140 1168 1171 1222 et
1182 1173 1210 1222 td

100 1245 163 1307 lilia
183 1242 299 1321 potior,
323 1239 502 1319 animusque
525 1238 691 1300 sceleribus
713 1248 845 1317 paratus.
875 1239 958 1311 Visui
980 1250 1079 1304 tamen
1095 1243 1171 1306 con·
1223 1267 1227 1273 ⁴
1270 1288 1273 1292 ι

101 1327 208 1398 suluit,
237 1344 276 1386 ne
300 1343 400 1386 coram
422 1324 616 1386 interficeret.
674 1322 713 1383 Et
738 1323 944 1397 Radamistus,
978 1326 1064 1404 quasi
1092 1326 1170 1389 iuris

99 1410 219 1474 iurandi
247 1427 377 1482 memor,
415 1425 475 1470 non
502 1409 631 1479 terrum,
664 1423 727 1466 non
755 1425 902 1482 venenum
925 1408 957 1467 in
979 1427 1117 1485 sororem
1141 1419 1173 1472 et

99 1504 240 1577 patruum
261 1490 422 1572 expromit,
453 1490 508 1554 sed
536 1490 691 1568 proiectos
713 1491 745 1551 in
767 1491 890 1552 humum
919 1499 949 1552 et
970 1501 1052 1559 veste
1072 1495 1172 1556 multa

100 1580 242 1658 gravique
266 1586 387 1656 opertos
409 1581 506 1637 necat.
550 1574 620 1647 Pilii
644 1592 763 1655 quoque
777 1575 967 1648 Mithridatis,
992 1576 1073 1655 quod
1098 1595 1170 1640 cae-
1183 1590 1209 1659 15
1242 1618 1245 1622 »

47 1666 89 1732 48
102 1663 190 1743 dibus
212 1672 368 1741 parentum
391 1658 665 1731 illacrimaverant,.
682 1658 820 1721 trucidati
843 1669 921 1720 sunt.
971 1660 1009 1720 At
1031 1661 1171 1733 Quadra·

99 1759 148 1808 tus
171 1763 357 1824 cognoscens
383 1745 536 1822 proditum
557 1742 749 1805 Mithridaten
782 1751 813 1804 et
844 1761 968 1821 regnum
1000 1743 1039 1804 ab
1072 1745 1169 1809 inter-

99 1830 265 1893 lectoribus
287 1828 433 1906 optineri,
469 1840 553 1890 vocat
578 1829 752 1898 consilium,
786 1828 873 1896 docet
895 1836 975 1899 acta,
1009 1836 1099 1889 etan
1122 1831 1170 1891 ul-

98 1915 264 1977 cisceretur
286 1912 444 1973 consultat.
488 1909 596 1973 Paucis
626 1914 718 1974 decus
746 1911 898 1993 publicum
928 1929 1034 1986 curae;
1064 1912 1192 1990 plures*

97 2007 162 2060 tuta
191 1997 353 2059 disserunt.
407 1996 504 2056 Omne
526 1994 626 2058 scelus
649 2009 802 2057 externum
826 2013 893 2054 cum
915 1993 1028 2057 laetitia
1050 1995 1208 2061 baben-ro
1246 2058 1249 2068 ,

18 2110 20 2117 ,
99 2083 186 2156 dum3
220 2080 335 2141 semina
358 2080 448 2140 etiam
477 2076 615 2141 odiorum
638 2080 790 2152 iacienda,
821 2085 855 2138 ut
885 2096 976 2156 saepe
1007 2078 1167 2158 principes

98 2165 226 2226 Romani
254 2165 380 2224 eandem
401 2161 572 2225 Armeniam
595 2163 698 2242 specie
726 2161 894 2238 largitionis
917 2162 1073 2223 turbandis
1095 2164 1167 2226 bar-

6 2308 11 2313 .
95 2248 237 2310 hararum
271 2245 378 2305 animis
410 2245 614 2323 praebuerint.
671 2246 830 2308 Poteretur
859 2245 1051 2321 Radamistus
1087 2249 1169 2311 male

96 2330 209 2410 partis,
233 2329 302 2387 dum
324 2327 447 2402 invisus,
471 2331 601 2406 infamis,
625 2329 744 2411 quando
767 2328 798 2388 id
820 2328 917 2405 magis
938 2348 974 2389 ex
998 2349 1053 2390 usu
1076 2349 1167 2418 quam

96 2412 125 2474 si
146 2408 331 2486 cum-glorta
353 2412 496 2490 depulsus
519 2419 607 2484 soret.
640 2416 675 2476 lu
697 2413 774 2473 hanc
796 2413 974 2473 sententiam
997 2413 1082 2474 itum.
1119 2415 1206 2479 dees

96 2503 197 2556 tamen
220 2494 362 2558 adnuisse
384 2498 511 2561 facinori
534 2501 708 2562 viderentur
729 2504 759 2556 et
780 2495 898 2556 diversa
909 2497 1019 2558 Caesar
1034 2498 1165 2575 iuberet,

96 2577 183 2639 missi
204 2577 243 2637 ad
265 2578 486 2644 Pharasmanen
509 2585 606 2646 nuntii
628 2589 662 2642 ut
682 2579 860 2641 abscederet
880 2599 897 2640 a
925 2580 1036 2641 finibus
1057 2581 1165 2644 Arme-

44 2661 157 2726 49niis
177 2660 332 2743 filiumque
355 2665 551 2730 abstraheret.
594 2667 666 2728 Erat
688 2663 897 2742 Cappadociae
919 2672 1098 2742 procurator
1114 2667 1165 2728 lu-

127 2847 151 2896 1.
189 2861 319 2896 arcanum
357 2847 415 2897 ‘voll
439 2847 600 2909 gebeimniss-
685 2840 739 2902 48.
762 2849 801 2897 17.
822 2846 1051 2908 interfectoribus,
1080 2848 1168 2900 indem

91 2910 173 2961 voller
189 2911 298 2972 Weibe’;
324 2914 493 2974 ‘Bedeutung'.
515 2912 545 2962 G.
569 2914 599 2964 18
652 2915 714 2962 auch
738 2913 920 2964 Pharasmanes
946 2914 1070 2970 dadurcb,
1105 2916 1167 2967 dass

85 2983 195 3028 'arcana
211 2996 298 3030 secra.
651 2980 706 3030 scin
725 2980 791 3031 Solm
811 2996 839 3031 es
856 2981 901 3030 ruit
923 2980 1018 3029 seinem
1037 2980 1105 3031 lleer
1123 2999 1169 3034 er·

125 3047 151 3096 4.
187 3046 293 3109 Acwvor
310 3062 324 3096 c
341 3046 374 3094 ist
391 3043 485 3102 saltem
507 3044 599 3095 ebeuso
651 3047 726 3098 obert
743 3049 819 3107 batte,
840 3063 868 3097 es
884 3047 1025 3096 mithesass.

10 3119 14 3124 “
90 3125 139 3161 vor
152 3125 187 3175 g:
207 3128 229 3161 c.
249 3116 284 3164 64
301 3127 333 3161 av
352 3109 444 3159 Gnaei·
468 3150 474 3157 φ
685 3118 726 3168 20.
748 3131 808 3166 cum
826 3115 928 3164 laetitia
946 3113 1096 3163 habendum
1118 3117 1168 3167 ‘sei

124 3179 236 3244 5.potod
247 3175 541 3230 dedecorumborbaris.
561 3180 599 3229 An
651 3183 697 3233 mit
725 3182 840 3233 Prenden
867 3179 1068 3236 aulzunebmen’;
1105 3198 1168 3234 marr

90 3243 164 3294 einer*
187 3259 227 3293 am
253 3244 316 3292 Puss
341 3241 494 3303 befestigten
524 3245 599 3298 Kette
651 3252 734 3300 misse
753 3247 850 3298 Prende
873 3244 985 3293 darriber
1011 3260 1048 3294 em
1067 3247 1165 3301 linden.

90 3310 280 3370 umbergelhbrt
297 3324 329 3356 zu
346 3308 451 3359 werden
468 3325 525 3363 war
542 3315 598 3366 eine
651 3316 694 3367 lV.
707 3318 738 3366 ’lt
758 3311 835 3375 Quae
848 3313 877 3358 in
891 3325 1019 3374 praecem
1061 3313 1168 3367 iberiroe

88 3374 291 3437 hescbimplende
316 3374 413 3434 strare,
446 3378 497 3429 wie
523 3397 601 3434 unser
651 3382 767 3432 ciuiliter
783 3378 882 3426 badad.
906 3375 966 3425 snt.
986 3375 1043 3426 Cat.
1065 3379 1105 3434 51,
1131 3383 1165 3435 11

88 3438 231 3502 Andstellcn
250 3455 290 3489 am
306 3439 427 3505 Pranger.
650 3461 735 3511 araque
762 3445 886 3507 cuiquem
909 3442 1063 3498 mortalium
1090 3447 1186 3498 inim.

124 3506 164 3556 ll.
182 3503 261 3554 Vt'aui
284 3511 371 3558 tamen
399 3513 533 3565 consuluit
564 3523 615 3566 ‘cp
650 3516 709 3562 ricc
724 3525 789 3560 suae
803 3525 906 3575 parvae
923 3509 1064 3571 videntum
1081 3515 1167 3567 multi
1203 3508 1208 3517 '

89 3572 193 3623 sehabtc
217 3573 286 3622 scine
304 3577 412 3638 Augen,
445 3596 536 3644 zwang
563 3583 600 3632 sie
650 3594 696 3629 eas
710 3578 823 3642 gravim
841 3593 925 3642 aequo
943 3579 1066 3627 habuero.
1102 3579 1161 3632 Liv.

89 3638 158 3698 nicht
185 3638 234 3688 alle
261 3641 343 3692 Scbeu
366 3661 398 3695 zu
423 3647 596 3699 dherwinden.
650 3644 681 3696 V.
703 3647 727 3702 b.
747 3646 761 3694 'l
785 3659 833 3695 nec
852 3647 942 3709 plebes
958 3660 1040 3709 aegre
1058 3646 1161 3713 tabuit
1182 3700 1187 3705 .

87 3701 147 3756 XV.
163 3707 197 3757 et
221 3705 294 3758 Voci
316 3715 404 3763 tomen
431 3719 459 3764 et
481 3716 600 3778 aspectui
649 3711 737 3774 filium
754 3710 785 3759 id
797 3726 850 3775 pro
864 3718 979 3776 parente
996 3727 1100 3763 meum.

85 3775 215 3837 pepercit.
253 3774 307 3826 Vor
323 3793 357 3829 ara
374 3780 408 3830 ist
424 3781 531 3842 gedrcbt
554 3779 600 3827 ‘in-
683 3779 725 3830 25.
746 3776 884 3841 depulsus,
907 3795 955 3830 von
973 3780 1020 3829 den
1039 3779 1159 3834 Rdmcrn.
1274 3811 1275 3814 =

88 3838 192 3908 demer
208 3840 260 3892 sich
279 3845 379 3896 bitete’.
408 3844 464 3907 Vct.
485 3843 531 3896 XI.
554 3847 594 3898 lb.
648 3842 697 3894 Die
722 3843 783 3894 llds.
813 3844 937 3911 adeptus,
964 3847 1085 3898 wodumb
1114 3850 1162 3902 der
1274 3850 1275 3893 l
