2550 4350
60 248 191 313 annai)
298 246 339 296 ao
358 245 511 298 excusso
529 245 597 299 mvi
614 247 757 302 aucusm
775 247 816 299 m.
838 252 878 303 34.
892 252 932 302 as.
1077 242 1136 306 169

38 421 41 426 ’
63 400 214 481 ignaviam
236 398 293 460 alia
315 400 351 460 ad
373 399 511 462 vocabula
533 402 702 462 transferri:
731 421 799 463 nam
820 403 876 464 viri
899 403 930 463 in
952 422 988 464 eo
1011 405 1136 485 culpam,

65 487 96 550 si
117 485 228 547 lemine
251 484 372 545 modum
395 486 524 546 excedat.
574 486 669 547 Porro
693 486 731 546 ob
754 487 843 548 nnius
871 495 922 548 aut
943 487 1064 549 ulterius
1088 492 1137 551 in-

65 569 221 632 becillum
238 568 368 629 animum
395 569 471 630 male
500 570 574 647 eripi
597 570 710 631 maritis
733 571 883 631 consortia
905 584 1005 646 rerum
1028 592 1138 634 secun-

68 657 177 717 darum
198 653 456 732 adversarumque.
492 654 586 714 Simul
609 673 711 715 sexum
734 663 836 715 natura
859 655 1018 717 invalidum
1040 658 1144 718 deseri

40 748 105 802 5et
123 737 233 818 ,exponi
256 756 312 798 suo
335 737 415 811 luxu,
439 737 625 821 cupidinibus
641 738 755 799 alienis.
789 739 842 799 Vix
863 740 1012 817 praesenti
1035 749 1139 802 custo-

70 823 121 885 dia
142 840 262 902 manere
284 821 395 882 inlaesa
418 821 567 899 coniugia:
600 822 669 900 quid
692 824 772 908 lore,
796 822 822 882 si
845 824 1021 902 perplures
1043 844 1139 886 annos

69 909 103 969 iu
123 907 247 969 modum
269 905 385 966 discidii
408 904 637 967 oblitterentur?
680 906 729 967 Sic
757 906 872 967 obviam
900 907 979 968 irent
1005 909 1042 969 iis
1065 928 1140 988 quac
1240 974 1243 980 ,

68 991 139 1065 alibi
161 999 372 1072 peccarentur,
401 998 434 1050 ut
455 990 632 1068 flagitiorum
654 991 739 1051 urbis
762 991 980 1053 meminissent.
1023 994 1142 1054 Addidit

66 1094 161 1157 pauca
185 1074 301 1135 Drusus
324 1075 361 1135 de
382 1074 572 1135 matrimonio
596 1094 662 1136 suo.
706 1076 780 1136 Nam
803 1075 986 1156 principibus
1008 1078 1143 1138 adeunda

29 1160 194 1239 lbs‘aepius
226 1158 385 1237 longinqua
418 1159 544 1237 imperii.
604 1159 749 1232 Quotiens
783 1161 881 1222 divum
915 1162 1078 1240 Angustum
1111 1160 1161 1223 in⁴

70 1244 265 1307 Occidentem
287 1251 375 1322 atque
398 1243 552 1304 Orientem
573 1244 721 1305 meavisse
743 1246 850 1306 comite
872 1245 968 1307 Livia!
1002 1248 1041 1308 Se
1063 1266 1140 1326 quo·
1224 1246 1231 1259 '

70 1349 129 1409 que
151 1328 182 1389 in
206 1327 351 1406 Illyricum
374 1329 549 1406 proiectum,
574 1329 651 1390 etsi
674 1328 713 1390 ita
736 1331 890 1402 conducat,
914 1331 985 1392 alias
1007 1333 1044 1393 nd
1066 1350 1141 1410 gen-

71 1427 119 1475 tes
141 1414 264 1483 iturum,
287 1412 366 1472 haud
390 1431 508 1490 semper
522 1431 617 1491 aequo
632 1414 742 1486 animo,
766 1415 791 1474 si
814 1413 850 1475 ab
873 1434 966 1477 uxore
987 1416 1141 1478 carissima

71 1505 103 1559 et
124 1504 171 1558 tot
193 1496 393 1558 communium
416 1496 576 1558 liberorum
599 1498 949 1576 parente'divelleretur.
995 1501 1044 1563 Sic
1067 1501 1141 1562 Cae-

32 1595 62 1645 15
71 1583 158 1645 cinae
181 1581 327 1642 sententia
351 1581 444 1642 elusa.
709 1638 712 1646 ,
736 1636 738 1641 .

107 1706 110 1711 -
157 1665 195 1725 m
215 1665 343 1744 proximi
366 1675 486 1726 senatus
515 1666 564 1725 die
586 1665 724 1726 Tiberius
751 1684 806 1743 per
835 1667 964 1739 litteras,
991 1669 1140 1746 castigatis
1151 1672 1192 1735 35

73 1750 194 1828 oblique
215 1749 351 1828 patribus
374 1750 453 1827 quod
476 1757 579 1810 cuncta
602 1766 737 1809 curarum
754 1750 789 1809 ad
806 1749 969 1829 principem
984 1754 1140 1826 reicerent,

70 1837 121 1898 Μ’.
138 1834 285 1914 Lepidum
308 1842 338 1894 et
356 1833 472 1894 lunium
493 1833 630 1893 Blaesum
652 1833 814 1893 nominavit
844 1853 879 1893 ex
901 1835 967 1913 quis
988 1853 1043 1912 pro
1067 1853 1139 1894 cou-

72 1921 138 1982 sule
159 1919 274 1979 Africae
296 1919 454 1997 legeretur.
499 1917 574 1978 Tum
598 1917 696 1978 audita
725 1917 880 1978 amborum
908 1916 1012 1990 verba,
1042 1917 1142 1993 inten-

28 2005 135 2066 20tius
158 2011 318 2064 excusante
341 2021 374 2063 se
396 2002 520 2081 Lepido,
543 2021 608 2062 oum
630 2001 820 2063 valitudinem
843 2003 989 2080 corporis,
1018 2009 1144 2062 aetatem

72 2090 217 2160 liberum,
252 2087 383 2149 nubilem
412 2087 500 2148 liliam
530 2086 722 2160 obtenderet,
752 2087 1030 2166 intellegereturque
1053 2086 1143 2146 etiam

75 2171 156 2254 quod
179 2171 301 2243 silebat,
325 2172 499 2233 avunculum
522 2190 590 2232 esse
614 2172 712 2233 Seiani
727 2172 863 2233 Blaesum
886 2181 973 2251 atque
995 2191 1031 2232 eo
1053 2189 1162 2249 prae-.

73 2258 214 2341 validum.
264 2255 431 2334 Respondit
457 2257 579 2317 illaesus
616 2257 716 2335 specie
747 2258 928 2329 recusantiS,
966 2258 1018 2317 sed
1047 2274 1143 2336 neque

73 2343 178 2404 eadem
200 2339 435 2414 adseveratione,
465 2349 494 2401 et
516 2359 667 2402 consensu
691 2341 871 2402 adulantium
892 2342 963 2402 baut
985 2341 1064 2403 iulus
1088 2350 1143 2404 est.

100 2527 124 2576 2.
141 2525 235 2590 Porro,
253 2524 304 2575 wie
320 2525 410 2587 inaug,
442 2525 488 2574 dns
506 2525 579 2574 Fort-
630 2514 776 2572 rentessera
794 2524 928 2586 (bilorgb.
941 2539 1008 2589 sopr.
1023 2540 1063 2572 un.
1081 2524 1140 2574 iscr.

64 2592 193 2645 sobreiten
209 2592 579 2644 deaScblussesbezeichuend
631 2590 654 2638 d.
675 2605 739 2638 mus.
761 2591 887 2655 Cnmpanu
913 2607 937 2654 p.
959 2593 1012 2650 tot:
1045 2590 1068 2638 lc.
1093 2591 1142 2647 lud

63 2686 103 2708 .-.-.
115 2662 197 2724 atqui.
224 2658 307 2712 Urtius
326 2661 375 2709 und
393 2660 505 2710 alterius
523 2659 579 2708 sind
630 2656 686 2706 Ser.
706 2654 780 2705 Lent.
794 2656 822 2718 Q.
836 2657 894 2705 lacu.
914 2671 981 2716 cos.;
1001 2655 1141 2713 ernnust.

65 2730 150 2782 Maso,
630 2728 645 2775 3
656 2743 669 2781 :¹
682 2721 709 2772 X
719 2723 742 2772 lc.
755 2722 824 2787 Sept.
835 2722 1012 2784 Maluginense.
1030 2726 1056 2769 et
1067 2721 1144 2769 blae-

102 2799 125 2849 11.
141 2798 281 2860 principes
297 2794 444 2846 bezeichnen
466 2793 521 2842 bier
539 2793 579 2842 dic
633 2808 662 2841 so
681 2806 732 2840 cos.
1156 2820 1161 2834 .

67 2863 216 2926 Mitglieder
242 2864 287 2913 des
309 2863 459 2917 ffirstlicben
484 2861 582 2911 Houses
668 2861 715 2910 11.»
727 2857 844 2907 nubilem
856 2855 949 2918 filiam.
963 2853 1147 2905 Wabrscbein-

70 2933 218 2998 irberbanpt,
239 2930 290 2980 wie
301 2932 362 2980 eucb
375 2929 584 2990 diekdnigliclren
634 2927 682 2976 licb
702 2927 808 2976 bernach
828 2940 859 2974 an
879 2925 925 2974 deu
937 2925 1039 2989 spitern
1054 2922 1148 2974 Kaiser

68 2999 179 3050 Prinaen
197 3005 402 3062 reges'genannt
418 2999 533 3048 werden.
636 2993 718 3044 Galba
735 2993 918 3043 verbeiratlret.¹
949 2992 1019 3042 Suet.
1029 2991 1102 3041 Galb.
1114 2994 1145 3043 5:

78 3114 80 3118 .
107 3069 144 3119 12.
164 3069 194 3115 in
217 3065 365 3131 illyricum.
409 3066 435 3116 S.
458 3064 528 3116 114.
550 3063 581 3114 ll.
636 3065 733 3112 amissa
757 3077 848 3111 umore
866 3060 969 3126 Lepida
994 3059 1148 3124 duobtuqus

68 3137 113 3186 44.
124 3136 166 3186 53.
175 3135 217 3184 62.
239 3131 282 3182 111.
292 3135 317 3184 1.
328 3136 351 3183 7.
363 3136 403 3184 ll.
638 3145 673 3178 ec
690 3145 721 3179 ea
738 3129 804 3190 filiis
821 3131 952 3180 rmncnst't
963 3131 992 3177 in
1007 3128 1146 3179 caelibatu.

46 3250 49 3254 ,
107 3203 147 3251 14.
167 3204 215 3250 tod‘
248 3199 275 3250 S.
296 3217 327 3250 zu
346 3200 376 3250 11.
387 3203 428 3253 84.
638 3200 762 3248 Boncnusr.
978 3214 988 3233 1

103 3261 152 3324 35,
175 3269 212 3318 16.
228 3268 401 3333 perlitteras,
416 3271 532 3318 Antwort
545 3267 591 3318 nul
673 3267 857 3326 ddecusensu,
871 3263 974 3314 ninrlicb
987 3263 1147 3313 ‘untersicb'.

70 3335 119 3385 dcn
153 3351 175 3384 c.
203 3337 236 3386 32
264 3335 422 3386 bericlrtcten
452 3335 588 3386 Senntsbe·
637 3333 712 3382 Haut
728 3334 800 3381 iulus
818 3337 857 3382 est
878 3333 913 3381 ist
929 3331 966 3381 ols
985 3331 1036 3379 ein
1057 3327 1155 3389 Begriff

70 3402 176 3453 sclrluss.
275 3413 278 3416 ⁴
639 3417 669 3462 zu
689 3400 774 3448 lusson
797 3423 831 3442 =
857 3407 894 3448 ‘er
909 3399 983 3449 ward
1001 3393 1148 3458 gelrindert'.

108 3473 146 3522 18.
164 3468 210 3520 Μ’.
229 3467 368 3536 Lepidum.
394 3470 420 3520 S.
441 3485 472 3518 zu
491 3484 512 3517 c.
526 3471 567 3520 32.
641 3467 697 3516 ‘Die
716 3465 848 3525 eiolrellige
867 3464 1046 3515 Sclrmeicbelei
1066 3469 1152 3511 unter-

106 3539 216 3589 quium
239 3537 371 3588 Blaesum
410 3537 435 3586 S.
456 3552 487 3584 zu
507 3534 525 3584 1.
544 3537 583 3586 16.
638 3537 732 3584 stritzte
751 3533 791 3581 ibn
811 3533 885 3582 oicbt’
909 3533 934 3582 in
952 3533 1036 3582 seiner
1054 3528 1152 3578 scbeiu·

43 3636 46 3641 -
72 3604 110 3655 Er
128 3621 185 3655 war
204 3603 298 3654 Consul
316 3603 435 3654 suffectus
456 3606 485 3654 10
505 3603 583 3652 n.Ch.
639 3599 881 3661 bnrenrlblebnung,
904 3599 1013 3649 sonderu
1031 3596 1068 3645 sie
1086 3595 1151 3644 wios
1242 3636 1250 3648 ,

71 3673 142 3724 Festi
158 3676 216 3725 Ant
233 3671 321 3732 (Gerb.
333 3669 588 3732 arolrdol.Ztg.18‹ld
641 3668 753 3719 dissolbe
778 3668 880 3718 zurdck.
933 3666 969 3715 Er
999 3663 1081 3713 sribrts
1113 3661 1151 3712 als

72 3740 190 3799 &2902
218 3739 261 3804 [P.
283 3740 433 3804 Corne]lius
456 3737 587 3788 Dolabell.
641 3737 720 3790 mariv
739 3737 823 3795 seiner
841 3733 988 3793 Ablehnung
1015 3729 1085 3780 scine
1105 3728 1154 3778 Un-

74 3807 99 3857 0.
125 3807 245 3858 Silanus.
272 3807 340 3871 [Sul.
367 3808 435 3871 SJsr.
459 3802 590 3856 Lentulus
642 3803 835 3865 znlnnglietteit
865 3816 911 3855 uu;
950 3799 974 3847 in
1005 3796 1155 3858 eiubelliger

73 3875 103 3939 Q.
122 3877 218 3926 lunius
235 3875 363 3935 Blaesum
385 3875 441 3924 eine
460 3873 591 3924 Gladiato·
643 3869 822 3922 Scbmeicbelei
839 3868 913 3919 ward
936 3873 984 3916 v'ou
1008 3866 1056 3916 den
1075 3864 1157 3917 Senn-
1232 3890 1235 3897 ,
