<?xml version="1.0" encoding="UTF-8"?>
<!DOCTYPE html PUBLIC "-//W3C//DTD XHTML 1.0 Transitional//EN"
    "http://www.w3.org/TR/xhtml1/DTD/xhtml1-transitional.dtd">
<html xmlns="http://www.w3.org/1999/xhtml" xml:lang="en" lang="en">
 <head>
  <title>
</title>
<meta http-equiv="Content-Type" content="text/html;charset=utf-8" />
  <meta name='ocr-system' content='tesseract 3.04.00' />
  <meta name='ocr-capabilities' content='ocr_page ocr_carea ocr_par ocr_line ocrx_word'/>
</head>
<body>
  <div class='ocr_page' id='page_1' title='image "./corneliustacitu00claugoog_0538.png"; bbox 0 0 2550 4350; ppageno 0'>
   <div class='ocr_carea' id='block_1_1' title="bbox 106 264 1267 348">
    <p class='ocr_par' dir='ltr' id='par_1_1' title="bbox 106 264 1267 348">
     <span class='ocr_line' id='line_1_1' title="bbox 106 264 1267 348; baseline 0.003 -16"><span class='ocrx_word' id='word_1_1' title='bbox 106 286 233 348; x_wconf 55' lang='lat' dir='ltr'>acuas)</span> <span class='ocrx_word' id='word_1_2' title='bbox 317 282 360 334; x_wconf 80' lang='grc' dir='ltr'>ιιι</span> <span class='ocrx_word' id='word_1_3' title='bbox 378 281 532 335; x_wconf 79' lang='lat' dir='ltr'>excussu</span> <span class='ocrx_word' id='word_1_4' title='bbox 549 281 619 335; x_wconf 81' lang='lat' dir='ltr'>mvi</span> <span class='ocrx_word' id='word_1_5' title='bbox 637 280 780 335; x_wconf 75' lang='lat' dir='ltr'>accusor</span> <span class='ocrx_word' id='word_1_6' title='bbox 797 281 856 336; x_wconf 87' lang='lat' dir='ltr'>xv.</span> <span class='ocrx_word' id='word_1_7' title='bbox 880 285 968 336; x_wconf 78' lang='grc' dir='ltr'>ιιι.</span> <span class='ocrx_word' id='word_1_8' title='bbox 1119 275 1179 336; x_wconf 84' lang='lat'>157</span> <span class='ocrx_word' id='word_1_9' title='bbox 1264 264 1267 269; x_wconf 84' lang='grc'><strong>’</strong></span> 
     </span>
    </p>
   </div>
   <div class='ocr_carea' id='block_1_2' title="bbox 10 436 1221 2949">
    <p class='ocr_par' dir='ltr' id='par_1_2' title="bbox 10 436 1221 2947">
     <span class='ocr_line' id='line_1_2' title="bbox 105 436 1185 516; baseline 0.003 -18"><span class='ocrx_word' id='word_1_10' title='bbox 105 438 240 498; x_wconf 90' lang='lat' dir='ltr'>Romano</span> <span class='ocrx_word' id='word_1_11' title='bbox 263 436 497 511; x_wconf 81' lang='lat' dir='ltr'>incursarentur,</span> <span class='ocrx_word' id='word_1_12' title='bbox 526 437 581 498; x_wconf 90' lang='lat' dir='ltr'>sed</span> <span class='ocrx_word' id='word_1_13' title='bbox 602 436 770 498; x_wconf 85' lang='lat' dir='ltr'>temeritate</span> <span class='ocrx_word' id='word_1_14' title='bbox 791 436 908 498; x_wconf 88' lang='lat' dir='ltr'>obsidis</span> <span class='ocrx_word' id='word_1_15' title='bbox 925 445 975 507; x_wconf 64' lang='lat' dir='ltr'>,tot</span> <span class='ocrx_word' id='word_1_16' title='bbox 995 455 1050 516; x_wconf 89' lang='lat' dir='ltr'>per</span> <span class='ocrx_word' id='word_1_17' title='bbox 1072 456 1185 501; x_wconf 89' lang='lat' dir='ltr'>annos.</span> 
     </span>
     <span class='ocr_line' id='line_1_3' title="bbox 105 521 1166 599; baseline 0.001 -17"><span class='ocrx_word' id='word_1_18' title='bbox 105 523 183 582; x_wconf 89' lang='lat' dir='ltr'>inter</span> <span class='ocrx_word' id='word_1_19' title='bbox 205 521 354 599; x_wconf 90' lang='lat' dir='ltr'>mancipia</span> <span class='ocrx_word' id='word_1_20' title='bbox 369 522 476 583; x_wconf 89' lang='lat' dir='ltr'>habiti.</span> <span class='ocrx_word' id='word_1_21' title='bbox 498 521 689 583; x_wconf 78' lang='lat' dir='ltr'>accendebat</span> <span class='ocrx_word' id='word_1_22' title='bbox 703 521 839 582; x_wconf 87' lang='lat' dir='ltr'>dolorem</span> <span class='ocrx_word' id='word_1_23' title='bbox 849 538 958 583; x_wconf 87' lang='lat' dir='ltr'>eorum</span> <span class='ocrx_word' id='word_1_24' title='bbox 972 521 1166 595; x_wconf 84' lang='lat' dir='ltr'>Monobazus,</span> 
     </span>
     <span class='ocr_line' id='line_1_4' title="bbox 105 605 1168 685; baseline 0.005 -21"><span class='ocrx_word' id='word_1_25' title='bbox 105 623 195 684; x_wconf 93' lang='lat' dir='ltr'>quem</span> <span class='ocrx_word' id='word_1_26' title='bbox 216 623 310 683; x_wconf 90' lang='lat' dir='ltr'>penes</span> <span class='ocrx_word' id='word_1_27' title='bbox 331 606 517 668; x_wconf 78' lang='lat' dir='ltr'>Adiabenum</span> <span class='ocrx_word' id='word_1_28' title='bbox 539 606 682 683; x_wconf 83' lang='lat' dir='ltr'>regimen,</span> <span class='ocrx_word' id='word_1_29' title='bbox 706 605 787 684; x_wconf 93' lang='lat' dir='ltr'>quod</span> <span class='ocrx_word' id='word_1_30' title='bbox 809 606 992 685; x_wconf 80' lang='lat' dir='ltr'>praesidium</span> <span class='ocrx_word' id='word_1_31' title='bbox 1015 615 1066 666; x_wconf 87' lang='lat' dir='ltr'>aut</span> <span class='ocrx_word' id='word_1_32' title='bbox 1086 606 1168 669; x_wconf 87' lang='lat' dir='ltr'>unde</span> 
     </span>
     <span class='ocr_line' id='line_1_5' title="bbox 10 689 1175 770; baseline 0.001 -21"><span class='ocrx_word' id='word_1_33' title='bbox 10 704 15 719; x_wconf 84' lang='grc'><strong><em>’</em></strong></span> <span class='ocrx_word' id='word_1_34' title='bbox 103 697 220 767; x_wconf 88' lang='lat' dir='ltr'>peteret</span> <span class='ocrx_word' id='word_1_35' title='bbox 241 690 385 766; x_wconf 78' lang='lat' dir='ltr'>rogitans.</span> <span class='ocrx_word' id='word_1_36' title='bbox 408 690 469 751; x_wconf 91' lang='lat' dir='ltr'>lam</span> <span class='ocrx_word' id='word_1_37' title='bbox 492 691 530 751; x_wconf 95' lang='lat' dir='ltr'>de</span> <span class='ocrx_word' id='word_1_38' title='bbox 544 690 685 751; x_wconf 77' lang='lat' dir='ltr'>Armenia</span> <span class='ocrx_word' id='word_1_39' title='bbox 708 708 897 764; x_wconf 86' lang='lat' dir='ltr'>concessum,</span> <span class='ocrx_word' id='word_1_40' title='bbox 920 691 1057 770; x_wconf 84' lang='lat' dir='ltr'>proxima</span> <span class='ocrx_word' id='word_1_41' title='bbox 1080 689 1175 766; x_wconf 88' lang='lat' dir='ltr'>trahi;</span> 
     </span>
     <span class='ocr_line' id='line_1_6' title="bbox 79 772 1175 854; baseline 0.002 -22"><span class='ocrx_word' id='word_1_42' title='bbox 79 782 135 834; x_wconf 75' lang='lat' dir='ltr'>tet</span> <span class='ocrx_word' id='word_1_43' title='bbox 157 772 216 833; x_wconf 93' lang='lat' dir='ltr'>nisi</span> <span class='ocrx_word' id='word_1_44' title='bbox 239 774 402 834; x_wconf 78' lang='lat' dir='ltr'>defendant</span> <span class='ocrx_word' id='word_1_45' title='bbox 423 775 534 847; x_wconf 85' lang='lat' dir='ltr'>Parthi,</span> <span class='ocrx_word' id='word_1_46' title='bbox 558 776 653 836; x_wconf 90' lang='lat' dir='ltr'>levius</span> <span class='ocrx_word' id='word_1_47' title='bbox 675 773 830 835; x_wconf 88' lang='lat' dir='ltr'>servitium</span> <span class='ocrx_word' id='word_1_48' title='bbox 853 776 931 854; x_wconf 90' lang='lat' dir='ltr'>apud</span> <span class='ocrx_word' id='word_1_49' title='bbox 947 776 1099 836; x_wconf 85' lang='lat' dir='ltr'>Romanos</span> <span class='ocrx_word' id='word_1_50' title='bbox 1121 773 1175 834; x_wconf 83' lang='lat' dir='ltr'>dc-</span> 
     </span>
     <span class='ocr_line' id='line_1_7' title="bbox 105 857 1213 938; baseline 0.003 -21"><span class='ocrx_word' id='word_1_51' title='bbox 105 857 176 918; x_wconf 86' lang='lat' dir='ltr'>ditis</span> <span class='ocrx_word' id='word_1_52' title='bbox 200 876 287 935; x_wconf 93' lang='lat' dir='ltr'>quam</span> <span class='ocrx_word' id='word_1_53' title='bbox 310 859 416 936; x_wconf 83' lang='lat' dir='ltr'>captis¹</span> <span class='ocrx_word' id='word_1_54' title='bbox 431 878 509 919; x_wconf 89' lang='lat' dir='ltr'>esse.</span> <span class='ocrx_word' id='word_1_55' title='bbox 532 859 682 919; x_wconf 85' lang='lat' dir='ltr'>Tiridates</span> <span class='ocrx_word' id='word_1_56' title='bbox 706 876 826 936; x_wconf 90' lang='lat' dir='ltr'>quoque</span> <span class='ocrx_word' id='word_1_57' title='bbox 846 860 932 937; x_wconf 89' lang='lat' dir='ltr'>regni</span> <span class='ocrx_word' id='word_1_58' title='bbox 954 861 1100 938; x_wconf 82' lang='lat' dir='ltr'>prologus</span> <span class='ocrx_word' id='word_1_59' title='bbox 1115 876 1172 937; x_wconf 86' lang='lat' dir='ltr'>per</span> <span class='ocrx_word' id='word_1_60' title='bbox 1210 890 1213 895; x_wconf 94' lang='lat'>·</span> 
     </span>
     <span class='ocr_line' id='line_1_8' title="bbox 103 941 1172 1021; baseline 0 -19"><span class='ocrx_word' id='word_1_61' title='bbox 103 941 257 1003; x_wconf 90' lang='lat' dir='ltr'>silentium</span> <span class='ocrx_word' id='word_1_62' title='bbox 280 941 338 1002; x_wconf 88' lang='lat' dir='ltr'>aud</span> <span class='ocrx_word' id='word_1_63' title='bbox 360 941 479 1004; x_wconf 90' lang='lat' dir='ltr'>modice</span> <span class='ocrx_word' id='word_1_64' title='bbox 501 943 655 1021; x_wconf 89' lang='lat' dir='ltr'>querendo</span> <span class='ocrx_word' id='word_1_65' title='bbox 678 943 796 1018; x_wconf 91' lang='lat' dir='ltr'>gravior</span> <span class='ocrx_word' id='word_1_66' title='bbox 811 951 888 1003; x_wconf 86' lang='lat' dir='ltr'>erat:</span> <span class='ocrx_word' id='word_1_67' title='bbox 907 962 975 1004; x_wconf 86' lang='lat' dir='ltr'>nou</span> <span class='ocrx_word' id='word_1_68' title='bbox 991 944 1070 1005; x_wconf 92' lang='lat' dir='ltr'>enim</span> <span class='ocrx_word' id='word_1_69' title='bbox 1086 943 1172 1020; x_wconf 90' lang='lat' dir='ltr'>igna-</span> 
     </span>
     <span class='ocr_line' id='line_1_9' title="bbox 101 1025 1171 1107; baseline 0.001 -22"><span class='ocrx_word' id='word_1_70' title='bbox 101 1026 149 1086; x_wconf 92' lang='lat' dir='ltr'>via</span> <span class='ocrx_word' id='word_1_71' title='bbox 171 1043 278 1102; x_wconf 91' lang='lat' dir='ltr'>magna</span> <span class='ocrx_word' id='word_1_72' title='bbox 294 1025 422 1104; x_wconf 91' lang='lat' dir='ltr'>imperia</span> <span class='ocrx_word' id='word_1_73' title='bbox 437 1026 603 1099; x_wconf 86' lang='lat' dir='ltr'>contineri;</span> <span class='ocrx_word' id='word_1_74' title='bbox 626 1027 757 1087; x_wconf 90' lang='lat' dir='ltr'>virorum</span> <span class='ocrx_word' id='word_1_75' title='bbox 773 1045 983 1107; x_wconf 89' lang='lat' dir='ltr'>armorumque</span> <span class='ocrx_word' id='word_1_76' title='bbox 998 1026 1171 1089; x_wconf 88' lang='lat' dir='ltr'>laciendum</span> 
     </span>
     <span class='ocr_line' id='line_1_10' title="bbox 104 1110 1169 1190; baseline 0.001 -20"><span class='ocrx_word' id='word_1_77' title='bbox 104 1119 271 1184; x_wconf 79' lang='lat' dir='ltr'>certamen3</span> <span class='ocrx_word' id='word_1_78' title='bbox 294 1110 325 1170; x_wconf 94' lang='lat' dir='ltr'>id</span> <span class='ocrx_word' id='word_1_79' title='bbox 348 1110 380 1170; x_wconf 90' lang='lat' dir='ltr'>in</span> <span class='ocrx_word' id='word_1_80' title='bbox 395 1129 511 1171; x_wconf 89' lang='lat' dir='ltr'>summa</span> <span class='ocrx_word' id='word_1_81' title='bbox 527 1113 645 1172; x_wconf 82' lang='lat' dir='ltr'>fortuna</span> <span class='ocrx_word' id='word_1_82' title='bbox 662 1111 788 1190; x_wconf 88' lang='lat' dir='ltr'>aequius</span> <span class='ocrx_word' id='word_1_83' title='bbox 805 1112 885 1190; x_wconf 93' lang='lat' dir='ltr'>quod</span> <span class='ocrx_word' id='word_1_84' title='bbox 899 1112 1045 1187; x_wconf 89' lang='lat' dir='ltr'>validius;</span> <span class='ocrx_word' id='word_1_85' title='bbox 1069 1121 1169 1174; x_wconf 78' lang='lat' dir='ltr'>elsua</span> 
     </span>
     <span class='ocr_line' id='line_1_11' title="bbox 64 1193 1170 1274; baseline 0.004 -21"><span class='ocrx_word' id='word_1_86' title='bbox 64 1205 94 1254; x_wconf 87' lang='lat'>10</span> <span class='ocrx_word' id='word_1_87' title='bbox 105 1193 236 1254; x_wconf 88' lang='lat' dir='ltr'>retinere</span> <span class='ocrx_word' id='word_1_88' title='bbox 265 1193 398 1272; x_wconf 88' lang='lat' dir='ltr'>privatae</span> <span class='ocrx_word' id='word_1_89' title='bbox 427 1195 542 1268; x_wconf 89' lang='lat' dir='ltr'>domus,</span> <span class='ocrx_word' id='word_1_90' title='bbox 571 1196 609 1255; x_wconf 93' lang='lat' dir='ltr'>de</span> <span class='ocrx_word' id='word_1_91' title='bbox 636 1195 743 1256; x_wconf 89' lang='lat' dir='ltr'>alienis</span> <span class='ocrx_word' id='word_1_92' title='bbox 772 1207 887 1257; x_wconf 89' lang='lat' dir='ltr'>certare</span> <span class='ocrx_word' id='word_1_93' title='bbox 914 1197 1028 1274; x_wconf 91' lang='lat' dir='ltr'>regiam</span> <span class='ocrx_word' id='word_1_94' title='bbox 1049 1196 1170 1257; x_wconf 87' lang='lat' dir='ltr'>laudem</span> 
     </span>
     <span class='ocr_line' id='line_1_12' title="bbox 104 1277 1198 1354; baseline 0.005 -15"><span class='ocrx_word' id='word_1_95' title='bbox 104 1296 182 1339; x_wconf 91' lang='lat' dir='ltr'>esse.</span> <span class='ocrx_word' id='word_1_96' title='bbox 225 1277 320 1354; x_wconf 84' lang='lat' dir='ltr'>igitur</span> <span class='ocrx_word' id='word_1_97' title='bbox 351 1291 518 1340; x_wconf 87' lang='lat' dir='ltr'>commotus</span> <span class='ocrx_word' id='word_1_98' title='bbox 553 1279 600 1339; x_wconf 91' lang='lat' dir='ltr'>his</span> <span class='ocrx_word' id='word_1_99' title='bbox 629 1279 793 1354; x_wconf 83' lang='lat' dir='ltr'>Vologeses</span> <span class='ocrx_word' id='word_1_100' title='bbox 827 1279 988 1341; x_wconf 91' lang='lat' dir='ltr'>concilium</span> <span class='ocrx_word' id='word_1_101' title='bbox 1021 1288 1108 1343; x_wconf 85' lang='lat' dir='ltr'>vocat</span> <span class='ocrx_word' id='word_1_102' title='bbox 1136 1282 1198 1344; x_wconf 75' lang='lat' dir='ltr'>eta</span> 
     </span>
     <span class='ocr_line' id='line_1_13' title="bbox 101 1361 1168 1441; baseline 0.001 -18"><span class='ocrx_word' id='word_1_103' title='bbox 101 1361 270 1441; x_wconf 82' lang='lat' dir='ltr'>proximum</span> <span class='ocrx_word' id='word_1_104' title='bbox 299 1361 358 1423; x_wconf 93' lang='lat' dir='ltr'>sibi</span> <span class='ocrx_word' id='word_1_105' title='bbox 381 1362 536 1424; x_wconf 89' lang='lat' dir='ltr'>Tiridaten</span> <span class='ocrx_word' id='word_1_106' title='bbox 558 1364 714 1426; x_wconf 86' lang='lat' dir='ltr'>constituit</span> <span class='ocrx_word' id='word_1_107' title='bbox 735 1372 823 1441; x_wconf 92' lang='lat' dir='ltr'>atque</span> <span class='ocrx_word' id='word_1_108' title='bbox 846 1364 887 1424; x_wconf 91' lang='lat' dir='ltr'>ita</span> <span class='ocrx_word' id='word_1_109' title='bbox 910 1365 1036 1426; x_wconf 90' lang='lat' dir='ltr'>orditur.</span> <span class='ocrx_word' id='word_1_110' title='bbox 1080 1364 1168 1427; x_wconf 89' lang='lat' dir='ltr'>Hunc</span> 
     </span>
     <span class='ocr_line' id='line_1_14' title="bbox 103 1446 1168 1528; baseline 0.002 -22"><span class='ocrx_word' id='word_1_111' title='bbox 103 1465 158 1524; x_wconf 89' lang='lat' dir='ltr'>ego</span> <span class='ocrx_word' id='word_1_112' title='bbox 192 1446 299 1508; x_wconf 90' lang='lat' dir='ltr'>eodem</span> <span class='ocrx_word' id='word_1_113' title='bbox 331 1465 447 1508; x_wconf 90' lang='lat' dir='ltr'>mecum</span> <span class='ocrx_word' id='word_1_114' title='bbox 480 1457 566 1526; x_wconf 83' lang='lat' dir='ltr'>parre</span> <span class='ocrx_word' id='word_1_115' title='bbox 596 1448 738 1524; x_wconf 87' lang='lat' dir='ltr'>genitum,</span> <span class='ocrx_word' id='word_1_116' title='bbox 774 1465 842 1508; x_wconf 90' lang='lat' dir='ltr'>oum</span> <span class='ocrx_word' id='word_1_117' title='bbox 865 1447 939 1509; x_wconf 90' lang='lat' dir='ltr'>mihi</span> <span class='ocrx_word' id='word_1_118' title='bbox 962 1469 1016 1528; x_wconf 91' lang='lat' dir='ltr'>per</span> <span class='ocrx_word' id='word_1_119' title='bbox 1038 1459 1168 1512; x_wconf 83' lang='lat' dir='ltr'>aetatem</span> 
     </span>
     <span class='ocr_line' id='line_1_15' title="bbox 98 1530 1170 1609; baseline 0.003 -19"><span class='ocrx_word' id='word_1_120' title='bbox 98 1540 227 1591; x_wconf 76' lang='lat' dir='ltr'>‘summo</span> <span class='ocrx_word' id='word_1_121' title='bbox 242 1530 599 1604; x_wconf 87' lang='lat' dir='ltr'>nomine&#39;concessisset,</span> <span class='ocrx_word' id='word_1_122' title='bbox 632 1531 663 1592; x_wconf 95' lang='lat' dir='ltr'>in</span> <span class='ocrx_word' id='word_1_123' title='bbox 685 1533 913 1609; x_wconf 89' lang='lat' dir='ltr'>possessionem</span> <span class='ocrx_word' id='word_1_124' title='bbox 935 1534 1094 1596; x_wconf 80' lang='lat' dir='ltr'>Armeniae</span> <span class='ocrx_word' id='word_1_125' title='bbox 1117 1533 1170 1593; x_wconf 90' lang='lat' dir='ltr'>de-</span> 
     </span>
     <span class='ocr_line' id='line_1_16' title="bbox 10 1614 1170 1694; baseline -0.001 -17"><span class='ocrx_word' id='word_1_126' title='bbox 10 1670 17 1677; x_wconf 82' lang='lat'>.</span> <span class='ocrx_word' id='word_1_127' title='bbox 63 1626 93 1676; x_wconf 84' lang='lat'>15</span> <span class='ocrx_word' id='word_1_128' title='bbox 105 1615 184 1685; x_wconf 83' lang='lat' dir='ltr'>duxi</span> <span class='ocrx_word' id='word_1_129' title='bbox 213 1614 265 1694; x_wconf 92' lang='lat' dir='ltr'>qui</span> <span class='ocrx_word' id='word_1_130' title='bbox 287 1615 392 1676; x_wconf 84' lang='lat' dir='ltr'>tertius</span> <span class='ocrx_word' id='word_1_131' title='bbox 414 1616 568 1694; x_wconf 87' lang='lat' dir='ltr'>potentiae</span> <span class='ocrx_word' id='word_1_132' title='bbox 589 1614 698 1691; x_wconf 88' lang='lat' dir='ltr'>gradus</span> <span class='ocrx_word' id='word_1_133' title='bbox 721 1614 862 1677; x_wconf 90' lang='lat' dir='ltr'>habetur:</span> <span class='ocrx_word' id='word_1_134' title='bbox 897 1635 964 1677; x_wconf 91' lang='lat' dir='ltr'>nam</span> <span class='ocrx_word' id='word_1_135' title='bbox 986 1619 1089 1678; x_wconf 89' lang='lat' dir='ltr'>hledos</span> <span class='ocrx_word' id='word_1_136' title='bbox 1112 1616 1170 1676; x_wconf 91' lang='lat' dir='ltr'>Pa-</span> 
     </span>
     <span class='ocr_line' id='line_1_17' title="bbox 104 1698 1175 1778; baseline -0.002 -17"><span class='ocrx_word' id='word_1_137' title='bbox 104 1718 193 1761; x_wconf 92' lang='lat' dir='ltr'>corus</span> <span class='ocrx_word' id='word_1_138' title='bbox 221 1709 290 1761; x_wconf 87' lang='lat' dir='ltr'>ante</span> <span class='ocrx_word' id='word_1_139' title='bbox 318 1708 449 1778; x_wconf 84' lang='lat' dir='ltr'>ceperat.</span> <span class='ocrx_word' id='word_1_140' title='bbox 493 1698 681 1776; x_wconf 81' lang='lat' dir='ltr'>videbarque</span> <span class='ocrx_word' id='word_1_141' title='bbox 703 1707 807 1759; x_wconf 88' lang='lat' dir='ltr'>contra</span> <span class='ocrx_word' id='word_1_142' title='bbox 829 1706 928 1759; x_wconf 91' lang='lat' dir='ltr'>vetera</span> <span class='ocrx_word' id='word_1_143' title='bbox 950 1701 1075 1761; x_wconf 86' lang='lat' dir='ltr'>fratrum</span> <span class='ocrx_word' id='word_1_144' title='bbox 1098 1698 1175 1759; x_wconf 89' lang='lat' dir='ltr'>odia</span> 
     </span>
     <span class='ocr_line' id='line_1_18' title="bbox 15 1783 1167 1866; baseline -0.002 -22"><span class='ocrx_word' id='word_1_145' title='bbox 15 1796 33 1803; x_wconf 78' lang='grc'><em>“</em></span> <span class='ocrx_word' id='word_1_146' title='bbox 104 1792 133 1844; x_wconf 91' lang='lat' dir='ltr'>et</span> <span class='ocrx_word' id='word_1_147' title='bbox 155 1783 316 1844; x_wconf 90' lang='lat' dir='ltr'>certamina</span> <span class='ocrx_word' id='word_1_148' title='bbox 339 1783 472 1846; x_wconf 91' lang='lat' dir='ltr'>lamiliac</span> <span class='ocrx_word' id='word_1_149' title='bbox 494 1791 616 1844; x_wconf 85' lang='lat' dir='ltr'>nostrae</span> <span class='ocrx_word' id='word_1_150' title='bbox 638 1791 763 1860; x_wconf 87' lang='lat' dir='ltr'>penates</span> <span class='ocrx_word' id='word_1_151' title='bbox 779 1783 836 1842; x_wconf 90' lang='lat' dir='ltr'>rite</span> <span class='ocrx_word' id='word_1_152' title='bbox 852 1784 1070 1866; x_wconf 82' lang='lat' dir='ltr'>composuisse.</span> <span class='ocrx_word' id='word_1_153' title='bbox 1092 1784 1167 1843; x_wconf 90' lang='lat' dir='ltr'>Pro-</span> 
     </span>
     <span class='ocr_line' id='line_1_19' title="bbox 100 1859 1167 1964; baseline -0.002 -37"><span class='ocrx_word' id='word_1_154' title='bbox 100 1867 206 1929; x_wconf 88' lang='lat' dir='ltr'>hibent</span> <span class='ocrx_word' id='word_1_155' title='bbox 232 1867 359 1930; x_wconf 88' lang='lat' dir='ltr'>Romani</span> <span class='ocrx_word' id='word_1_156' title='bbox 389 1877 419 1928; x_wconf 90' lang='lat' dir='ltr'>et</span> <span class='ocrx_word' id='word_1_157' title='bbox 431 1886 553 1964; x_wconf 34' lang='lat' dir='ltr'>&#39;pacem&#39;</span> <span class='ocrx_word' id='word_1_158' title='bbox 579 1885 739 1945; x_wconf 87' lang='lat' dir='ltr'>numquam</span> <span class='ocrx_word' id='word_1_159' title='bbox 768 1865 843 1945; x_wconf 88' lang='lat' dir='ltr'>ipsis</span> <span class='ocrx_word' id='word_1_160' title='bbox 872 1885 1019 1946; x_wconf 86' lang='lat' dir='ltr'>prospere</span> <span class='ocrx_word' id='word_1_161' title='bbox 1040 1859 1167 1929; x_wconf 85' lang='lat' dir='ltr'>lacessi·</span> 
     </span>
     <span class='ocr_line' id='line_1_20' title="bbox 101 1951 1167 2049; baseline -0.002 -37"><span class='ocrx_word' id='word_1_162' title='bbox 101 1960 162 2013; x_wconf 89' lang='lat' dir='ltr'>tam</span> <span class='ocrx_word' id='word_1_163' title='bbox 185 1970 264 2013; x_wconf 92' lang='lat' dir='ltr'>nunc</span> <span class='ocrx_word' id='word_1_164' title='bbox 287 1971 406 2049; x_wconf 83' lang='lat' dir='ltr'>quoque</span> <span class='ocrx_word' id='word_1_165' title='bbox 429 1953 460 2013; x_wconf 94' lang='lat' dir='ltr'>in</span> <span class='ocrx_word' id='word_1_166' title='bbox 483 1953 607 2014; x_wconf 80' lang='lat' dir='ltr'>exitium</span> <span class='ocrx_word' id='word_1_167' title='bbox 629 1969 715 2012; x_wconf 89' lang='lat' dir='ltr'>suum</span> <span class='ocrx_word' id='word_1_168' title='bbox 740 1951 929 2030; x_wconf 87' lang='lat' dir='ltr'>abrumpunt.</span> <span class='ocrx_word' id='word_1_169' title='bbox 957 1951 1024 2013; x_wconf 90' lang='lat' dir='ltr'>Non</span> <span class='ocrx_word' id='word_1_170' title='bbox 1046 1951 1128 2013; x_wconf 92' lang='lat' dir='ltr'>ibo&#39;</span> <span class='ocrx_word' id='word_1_171' title='bbox 1121 1968 1167 2011; x_wconf 91' lang='grc' dir='ltr'>ιιι-</span> 
     </span>
     <span class='ocr_line' id='line_1_21' title="bbox 60 2035 1168 2116; baseline -0.002 -18"><span class='ocrx_word' id='word_1_172' title='bbox 60 2036 199 2098; x_wconf 82' lang='lat' dir='ltr'>aofitias:</span> <span class='ocrx_word' id='word_1_173' title='bbox 229 2038 380 2115; x_wconf 89' lang='lat' dir='ltr'>aequitate</span> <span class='ocrx_word' id='word_1_174' title='bbox 402 2054 491 2116; x_wconf 90' lang='lat' dir='ltr'>quam</span> <span class='ocrx_word' id='word_1_175' title='bbox 514 2035 668 2114; x_wconf 90' lang='lat' dir='ltr'>sangnine,</span> <span class='ocrx_word' id='word_1_176' title='bbox 698 2053 788 2096; x_wconf 87' lang='lat' dir='ltr'>causa</span> <span class='ocrx_word' id='word_1_177' title='bbox 811 2053 899 2113; x_wconf 91' lang='lat' dir='ltr'>qnam</span> <span class='ocrx_word' id='word_1_178' title='bbox 921 2036 1013 2096; x_wconf 91' lang='lat' dir='ltr'>armis</span> <span class='ocrx_word' id='word_1_179' title='bbox 1035 2036 1168 2098; x_wconf 85' lang='lat' dir='ltr'>retinere</span> 
     </span>
     <span class='ocr_line' id='line_1_22' title="bbox 100 2119 1167 2199; baseline 0 -20"><span class='ocrx_word' id='word_1_180' title='bbox 100 2127 186 2199; x_wconf 89' lang='lat' dir='ltr'>parta</span> <span class='ocrx_word' id='word_1_181' title='bbox 214 2121 380 2182; x_wconf 90' lang='lat' dir='ltr'>maioribus</span> <span class='ocrx_word' id='word_1_182' title='bbox 408 2123 582 2183; x_wconf 88' lang='lat' dir='ltr'>malueram.</span> <span class='ocrx_word' id='word_1_183' title='bbox 627 2120 659 2181; x_wconf 89' lang='lat' dir='ltr'>Si</span> <span class='ocrx_word' id='word_1_184' title='bbox 688 2119 878 2181; x_wconf 75' lang='lat' dir='ltr'>cunctatione</span> <span class='ocrx_word' id='word_1_185' title='bbox 901 2119 1024 2199; x_wconf 89' lang='lat' dir='ltr'>deliqui,</span> <span class='ocrx_word' id='word_1_186' title='bbox 1057 2121 1167 2182; x_wconf 84' lang='lat' dir='ltr'>virtute</span> 
     </span>
     <span class='ocr_line' id='line_1_23' title="bbox 102 2203 1174 2285; baseline 0 -21"><span class='ocrx_word' id='word_1_187' title='bbox 102 2203 262 2282; x_wconf 83' lang='lat' dir='ltr'>corrigam.</span> <span class='ocrx_word' id='word_1_188' title='bbox 285 2205 389 2266; x_wconf 90' lang='lat' dir='ltr'>Vestra</span> <span class='ocrx_word' id='word_1_189' title='bbox 412 2206 532 2285; x_wconf 90' lang='lat' dir='ltr'>quidem</span> <span class='ocrx_word' id='word_1_190' title='bbox 554 2206 599 2266; x_wconf 88' lang='lat' dir='ltr'>vis</span> <span class='ocrx_word' id='word_1_191' title='bbox 622 2213 652 2267; x_wconf 87' lang='lat' dir='ltr'>et</span> <span class='ocrx_word' id='word_1_192' title='bbox 674 2204 767 2282; x_wconf 90' lang='lat' dir='ltr'>gloria</span> <span class='ocrx_word' id='word_1_193' title='bbox 789 2205 822 2265; x_wconf 91' lang='lat' dir='ltr'>in</span> <span class='ocrx_word' id='word_1_194' title='bbox 844 2205 962 2282; x_wconf 86' lang='lat' dir='ltr'>integro</span> <span class='ocrx_word' id='word_1_195' title='bbox 985 2215 1040 2279; x_wconf 87' lang='lat' dir='ltr'>est,</span> <span class='ocrx_word' id='word_1_196' title='bbox 1063 2203 1174 2266; x_wconf 84' lang='lat' dir='ltr'>addita·</span> 
     </span>
     <span class='ocr_line' id='line_1_24' title="bbox 100 2288 1167 2370; baseline 0 -21"><span class='ocrx_word' id='word_1_197' title='bbox 100 2288 267 2350; x_wconf 86' lang='lat' dir='ltr'>modestiae</span> <span class='ocrx_word' id='word_1_198' title='bbox 296 2290 383 2362; x_wconf 87' lang='lat' dir='ltr'>lama,</span> <span class='ocrx_word' id='word_1_199' title='bbox 414 2310 489 2369; x_wconf 90' lang='lat' dir='ltr'>quae</span> <span class='ocrx_word' id='word_1_200' title='bbox 518 2309 616 2370; x_wconf 91' lang='lat' dir='ltr'>neque</span> <span class='ocrx_word' id='word_1_201' title='bbox 634 2289 770 2352; x_wconf 88' lang='lat' dir='ltr'>summis</span> <span class='ocrx_word' id='word_1_202' title='bbox 800 2289 972 2352; x_wconf 89' lang='lat' dir='ltr'>mortalium</span> <span class='ocrx_word' id='word_1_203' title='bbox 995 2288 1167 2369; x_wconf 85' lang='lat' dir='ltr'>spernenda</span> 
     </span>
     <span class='ocr_line' id='line_1_25' title="bbox 102 2372 1171 2453; baseline 0 -20"><span class='ocrx_word' id='word_1_204' title='bbox 102 2381 149 2434; x_wconf 90' lang='lat' dir='ltr'>est</span> <span class='ocrx_word' id='word_1_205' title='bbox 176 2382 206 2433; x_wconf 87' lang='lat' dir='ltr'>et</span> <span class='ocrx_word' id='word_1_206' title='bbox 232 2392 249 2434; x_wconf 92' lang='lat' dir='ltr'>a</span> <span class='ocrx_word' id='word_1_207' title='bbox 279 2373 326 2434; x_wconf 89' lang='lat' dir='ltr'>dis</span> <span class='ocrx_word' id='word_1_208' title='bbox 354 2375 538 2436; x_wconf 76' lang='lat' dir='ltr'>aestimatur.</span> <span class='ocrx_word' id='word_1_209' title='bbox 583 2374 678 2438; x_wconf 90' lang='lat' dir='ltr'>Simul</span> <span class='ocrx_word' id='word_1_210' title='bbox 707 2374 875 2436; x_wconf 87' lang='lat' dir='ltr'>diademate</span> <span class='ocrx_word' id='word_1_211' title='bbox 903 2383 993 2453; x_wconf 90' lang='lat' dir='ltr'>caput</span> <span class='ocrx_word' id='word_1_212' title='bbox 1023 2372 1171 2436; x_wconf 77' lang='lat' dir='ltr'>Tiridatis</span> 
     </span>
     <span class='ocr_line' id='line_1_26' title="bbox 60 2457 1167 2537; baseline 0 -19"><span class='ocrx_word' id='word_1_213' title='bbox 60 2457 242 2529; x_wconf 81' lang='lat' dir='ltr'>25evincxit,</span> <span class='ocrx_word' id='word_1_214' title='bbox 270 2466 440 2534; x_wconf 87' lang='lat' dir='ltr'>promptam</span> <span class='ocrx_word' id='word_1_215' title='bbox 469 2461 602 2536; x_wconf 89' lang='lat' dir='ltr'>equitum</span> <span class='ocrx_word' id='word_1_216' title='bbox 630 2477 761 2529; x_wconf 89' lang='lat' dir='ltr'>manum,</span> <span class='ocrx_word' id='word_1_217' title='bbox 791 2477 867 2537; x_wconf 91' lang='lat' dir='ltr'>quae</span> <span class='ocrx_word' id='word_1_218' title='bbox 893 2477 996 2536; x_wconf 87' lang='lat' dir='ltr'>regem</span> <span class='ocrx_word' id='word_1_219' title='bbox 1024 2479 1060 2520; x_wconf 79' lang='lat' dir='ltr'>ex</span> <span class='ocrx_word' id='word_1_220' title='bbox 1081 2475 1167 2521; x_wconf 87' lang='lat' dir='ltr'>more</span> 
     </span>
     <span class='ocr_line' id='line_1_27' title="bbox 101 2540 1197 2613; baseline 0.001 -13"><span class='ocrx_word' id='word_1_221' title='bbox 101 2546 242 2610; x_wconf 81' lang='lat' dir='ltr'>sectatur,</span> <span class='ocrx_word' id='word_1_222' title='bbox 271 2540 397 2611; x_wconf 84' lang='lat' dir='ltr'>Monesi,</span> <span class='ocrx_word' id='word_1_223' title='bbox 425 2541 520 2601; x_wconf 91' lang='lat' dir='ltr'>nobili</span> <span class='ocrx_word' id='word_1_224' title='bbox 541 2542 617 2613; x_wconf 89' lang='lat' dir='ltr'>viro,</span> <span class='ocrx_word' id='word_1_225' title='bbox 646 2542 770 2603; x_wconf 87' lang='lat' dir='ltr'>tradidit</span> <span class='ocrx_word' id='word_1_226' title='bbox 792 2543 919 2604; x_wconf 85' lang='lat' dir='ltr'>adiectis</span> <span class='ocrx_word' id='word_1_227' title='bbox 941 2543 1165 2605; x_wconf 81' lang='lat' dir='ltr'>Adiabenorum</span> <span class='ocrx_word' id='word_1_228' title='bbox 1194 2562 1197 2566; x_wconf 90' lang='lat'>·</span> 
     </span>
     <span class='ocr_line' id='line_1_28' title="bbox 102 2622 1174 2703; baseline -0.001 -19"><span class='ocrx_word' id='word_1_229' title='bbox 102 2622 232 2693; x_wconf 80' lang='lat' dir='ltr'>auxiliis,</span> <span class='ocrx_word' id='word_1_230' title='bbox 253 2622 462 2701; x_wconf 87' lang='lat' dir='ltr'>mandavitque</span> <span class='ocrx_word' id='word_1_231' title='bbox 484 2624 634 2700; x_wconf 81' lang='lat' dir='ltr'>Tigranen</span> <span class='ocrx_word' id='word_1_232' title='bbox 656 2625 795 2685; x_wconf 82' lang='lat' dir='ltr'>Annenia</span> <span class='ocrx_word' id='word_1_233' title='bbox 817 2624 984 2697; x_wconf 85' lang='lat' dir='ltr'>exturbare,</span> <span class='ocrx_word' id='word_1_234' title='bbox 1007 2625 1107 2685; x_wconf 93' lang='lat' dir='ltr'>dum</span> <span class='ocrx_word' id='word_1_235' title='bbox 1099 2641 1174 2703; x_wconf 78' lang='lat' dir='ltr'>ipse</span> 
     </span>
     <span class='ocr_line' id='line_1_29' title="bbox 101 2705 1221 2819; baseline 0 -51"><span class='ocrx_word' id='word_1_236' title='bbox 101 2705 211 2788; x_wconf 90' lang='lat' dir='ltr'>positis</span> <span class='ocrx_word' id='word_1_237' title='bbox 234 2706 377 2766; x_wconf 87' lang='lat' dir='ltr'>adversus</span> <span class='ocrx_word' id='word_1_238' title='bbox 393 2707 547 2785; x_wconf 77' lang='lat' dir='ltr'>Hyrcanos</span> <span class='ocrx_word' id='word_1_239' title='bbox 570 2707 730 2767; x_wconf 89' lang='lat' dir='ltr'>discordiis</span> <span class='ocrx_word' id='word_1_240' title='bbox 752 2707 832 2767; x_wconf 90' lang='lat' dir='ltr'>vires</span> <span class='ocrx_word' id='word_1_241' title='bbox 855 2707 975 2768; x_wconf 88' lang='lat' dir='ltr'>intimas</span> <span class='ocrx_word' id='word_1_242' title='bbox 996 2708 1167 2819; x_wconf 86' lang='lat' dir='ltr'>molemque</span> <span class='ocrx_word' id='word_1_243' title='bbox 1219 2717 1221 2722; x_wconf 82' lang='lat'>&#39;</span> 
     </span>
     <span class='ocr_line' id='line_1_30' title="bbox 100 2789 780 2870; baseline -0.007 -16"><span class='ocrx_word' id='word_1_244' title='bbox 100 2792 173 2855; x_wconf 93' lang='lat' dir='ltr'>helli</span> <span class='ocrx_word' id='word_1_245' title='bbox 196 2790 256 2852; x_wconf 89' lang='lat' dir='ltr'>ciet</span> <span class='ocrx_word' id='word_1_246' title='bbox 276 2789 440 2870; x_wconf 90' lang='lat' dir='ltr'>provinciis</span> <span class='ocrx_word' id='word_1_247' title='bbox 462 2791 605 2853; x_wconf 88' lang='lat' dir='ltr'>Romanis</span> <span class='ocrx_word' id='word_1_248' title='bbox 629 2791 780 2850; x_wconf 88' lang='lat' dir='ltr'>minitans.</span> 
     </span>
     <span class='ocr_line' id='line_1_31' title="bbox 61 2873 1193 2949; baseline -0.001 -10"><span class='ocrx_word' id='word_1_249' title='bbox 61 2889 92 2939; x_wconf 84' lang='grc'>30</span> <span class='ocrx_word' id='word_1_250' title='bbox 189 2876 273 2947; x_wconf 86' lang='lat' dir='ltr'>Quae</span> <span class='ocrx_word' id='word_1_251' title='bbox 296 2874 346 2935; x_wconf 89' lang='lat' dir='ltr'>ubi</span> <span class='ocrx_word' id='word_1_252' title='bbox 370 2876 532 2937; x_wconf 82' lang='lat' dir='ltr'>Corbuloni</span> <span class='ocrx_word' id='word_1_253' title='bbox 555 2874 645 2938; x_wconf 87' lang='lat' dir='ltr'>certis</span> <span class='ocrx_word' id='word_1_254' title='bbox 668 2873 781 2935; x_wconf 87' lang='lat' dir='ltr'>nuntiis</span> <span class='ocrx_word' id='word_1_255' title='bbox 804 2873 903 2935; x_wconf 86' lang='lat' dir='ltr'>audita</span> <span class='ocrx_word' id='word_1_256' title='bbox 926 2881 1004 2945; x_wconf 88' lang='lat' dir='ltr'>sunt,</span> <span class='ocrx_word' id='word_1_257' title='bbox 1026 2873 1193 2949; x_wconf 88' lang='lat' dir='ltr'>legiones3</span> 
     </span>
    </p>
   </div>
   <div class='ocr_carea' id='block_1_3' title="bbox 45 3022 1206 3955">
    <p class='ocr_par' dir='ltr' id='par_1_3' title="bbox 45 3022 1206 3560">
     <span class='ocr_line' id='line_1_32' title="bbox 45 3022 1169 3090; baseline -0.004 -10"><span class='ocrx_word' id='word_1_258' title='bbox 45 3049 51 3061; x_wconf 84' lang='lat'><strong>·</strong></span> <span class='ocrx_word' id='word_1_259' title='bbox 133 3031 157 3079; x_wconf 99' lang='grc'>2.</span> <span class='ocrx_word' id='word_1_260' title='bbox 183 3027 354 3090; x_wconf 70' lang='lat' dir='ltr'>Monobazus,</span> <span class='ocrx_word' id='word_1_261' title='bbox 379 3026 539 3078; x_wconf 81' lang='lat' dir='ltr'>Brudersohu</span> <span class='ocrx_word' id='word_1_262' title='bbox 558 3027 608 3078; x_wconf 89' lang='lat' dir='ltr'>uod</span> <span class='ocrx_word' id='word_1_263' title='bbox 658 3025 739 3075; x_wconf 86' lang='lat' dir='ltr'>lieber</span> <span class='ocrx_word' id='word_1_264' title='bbox 756 3023 875 3086; x_wconf 87' lang='lat' dir='ltr'>gewollt&#39;.</span> <span class='ocrx_word' id='word_1_265' title='bbox 897 3022 1169 3086; x_wconf 81' lang='lat' dir='ltr'>Cic.udAtt.ll.19,3</span> 
     </span>
     <span class='ocr_line' id='line_1_33' title="bbox 64 3092 1206 3158; baseline -0.002 -12"><span class='ocrx_word' id='word_1_266' title='bbox 64 3128 67 3135; x_wconf 90' lang='lat'>·</span> <span class='ocrx_word' id='word_1_267' title='bbox 97 3095 252 3158; x_wconf 85' lang='lat' dir='ltr'>Nachlolger</span> <span class='ocrx_word' id='word_1_268' title='bbox 269 3096 314 3145; x_wconf 86' lang='lat' dir='ltr'>des</span> <span class='ocrx_word' id='word_1_269' title='bbox 323 3094 413 3146; x_wconf 81' lang='lat' dir='ltr'>Izates</span> <span class='ocrx_word' id='word_1_270' title='bbox 433 3093 491 3147; x_wconf 91' lang='lat' dir='ltr'>Xll.</span> <span class='ocrx_word' id='word_1_271' title='bbox 504 3097 542 3147; x_wconf 85' lang='lat'>13.</span> <span class='ocrx_word' id='word_1_272' title='bbox 563 3094 607 3146; x_wconf 87' lang='lat' dir='ltr'>Jo·</span> <span class='ocrx_word' id='word_1_273' title='bbox 658 3092 779 3158; x_wconf 83' lang='lat' dir='ltr'>equidem</span> <span class='ocrx_word' id='word_1_274' title='bbox 789 3092 939 3142; x_wconf 79' lang='lat' dir='ltr'>malueram</span> <span class='ocrx_word' id='word_1_275' title='bbox 952 3092 1167 3144; x_wconf 70' lang='lat' dir='ltr'>ettenuotrami-</span> <span class='ocrx_word' id='word_1_276' title='bbox 1197 3106 1206 3131; x_wconf 75' lang='lat' dir='ltr'><em>s</em></span> 
     </span>
     <span class='ocr_line' id='line_1_34' title="bbox 99 3158 1168 3243; baseline 0 -31"><span class='ocrx_word' id='word_1_277' title='bbox 99 3166 168 3229; x_wconf 89' lang='lat' dir='ltr'>seph.</span> <span class='ocrx_word' id='word_1_278' title='bbox 188 3162 249 3213; x_wconf 88' lang='lat' dir='ltr'>XX.</span> <span class='ocrx_word' id='word_1_279' title='bbox 258 3163 362 3243; x_wconf 40' lang='lat'>&#39;4§3</span> <span class='ocrx_word' id='word_1_280' title='bbox 658 3178 694 3211; x_wconf 83' lang='lat' dir='ltr'>re.</span> <span class='ocrx_word' id='word_1_281' title='bbox 706 3158 1168 3214; x_wconf 82' lang='lat' dir='ltr'>EbensostehtausservondenVcr-</span> 
     </span>
     <span class='ocr_line' id='line_1_35' title="bbox 132 3227 1168 3294; baseline -0.001 -14"><span class='ocrx_word' id='word_1_282' title='bbox 132 3233 156 3280; x_wconf 84' lang='lat' dir='ltr'>t.</span> <span class='ocrx_word' id='word_1_283' title='bbox 180 3233 294 3293; x_wconf 57' lang='lat' dir='ltr'>pacior</span> <span class='ocrx_word' id='word_1_284' title='bbox 317 3236 391 3294; x_wconf 77' lang='lat' dir='ltr'>erat,</span> <span class='ocrx_word' id='word_1_285' title='bbox 417 3231 455 3282; x_wconf 88' lang='lat' dir='ltr'>als</span> <span class='ocrx_word' id='word_1_286' title='bbox 479 3246 552 3281; x_wconf 89' lang='lat' dir='ltr'>wenn</span> <span class='ocrx_word' id='word_1_287' title='bbox 577 3244 607 3280; x_wconf 84' lang='lat' dir='ltr'>cr</span> <span class='ocrx_word' id='word_1_288' title='bbox 657 3229 719 3286; x_wconf 91' lang='lat' dir='ltr'>heo</span> <span class='ocrx_word' id='word_1_289' title='bbox 752 3228 793 3278; x_wconf 90' lang='lat' dir='ltr'>die</span> <span class='ocrx_word' id='word_1_290' title='bbox 819 3228 909 3277; x_wconf 88' lang='lat' dir='ltr'>Plliobt</span> <span class='ocrx_word' id='word_1_291' title='bbox 932 3227 982 3277; x_wconf 90' lang='lat' dir='ltr'>und</span> <span class='ocrx_word' id='word_1_292' title='bbox 1005 3228 1168 3291; x_wconf 81' lang='lat' dir='ltr'>Mdglichlrsit</span> 
     </span>
     <span class='ocr_line' id='line_1_36' title="bbox 99 3295 1166 3361; baseline 0 -15"><span class='ocrx_word' id='word_1_293' title='bbox 99 3297 193 3346; x_wconf 83' lang='lat' dir='ltr'>seinem</span> <span class='ocrx_word' id='word_1_294' title='bbox 222 3296 345 3346; x_wconf 87' lang='lat' dir='ltr'>Unwillen</span> <span class='ocrx_word' id='word_1_295' title='bbox 368 3298 449 3348; x_wconf 83' lang='lat' dir='ltr'>helen</span> <span class='ocrx_word' id='word_1_296' title='bbox 473 3299 543 3348; x_wconf 84' lang='lat' dir='ltr'>Laul&#39;</span> <span class='ocrx_word' id='word_1_297' title='bbox 564 3313 606 3361; x_wconf 70' lang='lat' dir='ltr'>goe</span> <span class='ocrx_word' id='word_1_298' title='bbox 656 3297 809 3346; x_wconf 85' lang='lat' dir='ltr'>bezeichnen</span> <span class='ocrx_word' id='word_1_299' title='bbox 827 3295 940 3359; x_wconf 79' lang='lat' dir='ltr'>(Madvig</span> <span class='ocrx_word' id='word_1_300' title='bbox 957 3295 974 3361; x_wconf 60' lang='grc' dir='ltr'><strong>ᾗ</strong></span> <span class='ocrx_word' id='word_1_301' title='bbox 989 3298 1038 3349; x_wconf 83' lang='lat'>348</span> <span class='ocrx_word' id='word_1_302' title='bbox 1049 3300 1080 3357; x_wconf 86' lang='lat' dir='ltr'>e)</span> <span class='ocrx_word' id='word_1_303' title='bbox 1103 3297 1166 3346; x_wconf 89' lang='lat' dir='ltr'>auch</span> 
     </span>
     <span class='ocr_line' id='line_1_37' title="bbox 98 3363 1167 3421; baseline -0.001 -8"><span class='ocrx_word' id='word_1_304' title='bbox 98 3363 183 3413; x_wconf 82' lang='lat' dir='ltr'>lassen</span> <span class='ocrx_word' id='word_1_305' title='bbox 201 3364 278 3411; x_wconf 88' lang='lat' dir='ltr'>hatte.</span> <span class='ocrx_word' id='word_1_306' title='bbox 656 3380 705 3413; x_wconf 91' lang='lat' dir='ltr'>von</span> <span class='ocrx_word' id='word_1_307' title='bbox 730 3364 817 3421; x_wconf 81' lang='lat' dir='ltr'>denen,</span> <span class='ocrx_word' id='word_1_308' title='bbox 845 3363 886 3412; x_wconf 91' lang='lat' dir='ltr'>die</span> <span class='ocrx_word' id='word_1_309' title='bbox 903 3363 1003 3413; x_wconf 84' lang='lat' dir='ltr'>hleinen</span> <span class='ocrx_word' id='word_1_310' title='bbox 1022 3365 1071 3413; x_wconf 90' lang='lat' dir='ltr'>und</span> <span class='ocrx_word' id='word_1_311' title='bbox 1090 3363 1167 3413; x_wconf 85' lang='lat' dir='ltr'>Glau-</span> 
     </span>
     <span class='ocr_line' id='line_1_38' title="bbox 133 3419 1165 3493; baseline -0.002 -13"><span class='ocrx_word' id='word_1_312' title='bbox 133 3433 157 3480; x_wconf 85' lang='grc'>9.</span> <span class='ocrx_word' id='word_1_313' title='bbox 179 3431 289 3492; x_wconf 73' lang='lat' dir='ltr'>aequius</span> <span class='ocrx_word' id='word_1_314' title='bbox 303 3430 375 3493; x_wconf 82' lang='lat' dir='ltr'>quod</span> <span class='ocrx_word' id='word_1_315' title='bbox 391 3419 514 3492; x_wconf 78' lang='lat' dir='ltr'>oaltdim,</span> <span class='ocrx_word' id='word_1_316' title='bbox 533 3431 557 3480; x_wconf 91' lang='lat' dir='ltr'>d.</span> <span class='ocrx_word' id='word_1_317' title='bbox 580 3433 604 3481; x_wconf 88' lang='lat' dir='ltr'>h</span> <span class='ocrx_word' id='word_1_318' title='bbox 657 3431 705 3480; x_wconf 85' lang='lat' dir='ltr'>hen</span> <span class='ocrx_word' id='word_1_319' title='bbox 720 3430 885 3488; x_wconf 85' lang='lat' dir='ltr'>ausdrircken</span> <span class='ocrx_word' id='word_1_320' title='bbox 903 3431 949 3480; x_wconf 85' lang='lat' dir='ltr'>der·</span> <span class='ocrx_word' id='word_1_321' title='bbox 958 3430 1088 3479; x_wconf 77' lang='lat' dir='ltr'>ludicatur</span> <span class='ocrx_word' id='word_1_322' title='bbox 1111 3429 1165 3479; x_wconf 82' lang='lat' dir='ltr'>Cio</span> 
     </span>
     <span class='ocr_line' id='line_1_39' title="bbox 99 3495 1168 3560; baseline -0.003 -13"><span class='ocrx_word' id='word_1_323' title='bbox 99 3498 146 3547; x_wconf 87' lang='lat' dir='ltr'>der</span> <span class='ocrx_word' id='word_1_324' title='bbox 172 3495 293 3545; x_wconf 81' lang='lat' dir='ltr'>Stdrkere</span> <span class='ocrx_word' id='word_1_325' title='bbox 327 3496 393 3556; x_wconf 87' lang='lat' dir='ltr'>gelte</span> <span class='ocrx_word' id='word_1_326' title='bbox 421 3495 533 3557; x_wconf 80' lang='lat' dir='ltr'>zugleioh</span> <span class='ocrx_word' id='word_1_327' title='bbox 566 3497 607 3547; x_wconf 86' lang='lat' dir='ltr'>lrir</span> <span class='ocrx_word' id='word_1_328' title='bbox 658 3498 689 3546; x_wconf 87' lang='lat' dir='ltr'>de</span> <span class='ocrx_word' id='word_1_329' title='bbox 708 3496 749 3545; x_wconf 82' lang='lat' dir='ltr'>cll.</span> <span class='ocrx_word' id='word_1_330' title='bbox 769 3496 788 3547; x_wconf 88' lang='lat' dir='ltr'>l</span> <span class='ocrx_word' id='word_1_331' title='bbox 810 3499 895 3555; x_wconf 72' lang='lat' dir='ltr'>taor</span> <span class='ocrx_word' id='word_1_332' title='bbox 914 3496 1109 3560; x_wconf 82' lang='lat' dir='ltr'>utaliquando</span> <span class='ocrx_word' id='word_1_333' title='bbox 1128 3495 1168 3545; x_wconf 84' lang='lat' dir='ltr'>dt&#39;·</span> 
     </span>
    </p>

    <p class='ocr_par' dir='ltr' id='par_1_4' title="bbox 100 3562 1057 3646">
     <span class='ocr_line' id='line_1_40' title="bbox 100 3562 1057 3646; baseline -0.004 -31"><span class='ocrx_word' id='word_1_334' title='bbox 100 3566 147 3615; x_wconf 87' lang='lat' dir='ltr'>den</span> <span class='ocrx_word' id='word_1_335' title='bbox 166 3562 295 3624; x_wconf 83' lang='lat' dir='ltr'>Bdligeru.</span> <span class='ocrx_word' id='word_1_336' title='bbox 659 3563 770 3613; x_wconf 80' lang='lat' dir='ltr'>candum</span> <span class='ocrx_word' id='word_1_337' title='bbox 794 3566 829 3614; x_wconf 83' lang='lat' dir='ltr'>rit</span> <span class='ocrx_word' id='word_1_338' title='bbox 845 3564 908 3615; x_wconf 86' lang='grc' dir='ltr'>Νοιι</span> <span class='ocrx_word' id='word_1_339' title='bbox 922 3568 1057 3646; x_wconf 76' lang='lat' dir='ltr'>putarant.</span> 
     </span>
    </p>

    <p class='ocr_par' dir='ltr' id='par_1_5' title="bbox 98 3628 1167 3832">
     <span class='ocr_line' id='line_1_41' title="bbox 133 3628 1167 3691; baseline -0.002 -10"><span class='ocrx_word' id='word_1_340' title='bbox 133 3628 165 3687; x_wconf 72' lang='grc'><strong>2</strong></span> <span class='ocrx_word' id='word_1_341' title='bbox 193 3633 233 3682; x_wconf 83' lang='grc'>14.</span> <span class='ocrx_word' id='word_1_342' title='bbox 254 3629 361 3680; x_wconf 70' lang='lat' dir='ltr'>deduci.</span> <span class='ocrx_word' id='word_1_343' title='bbox 379 3628 436 3680; x_wconf 91' lang='lat' dir='ltr'>Xll.</span> <span class='ocrx_word' id='word_1_344' title='bbox 452 3632 494 3681; x_wconf 84' lang='lat'>50.</span> <span class='ocrx_word' id='word_1_345' title='bbox 525 3629 608 3680; x_wconf 85' lang='lat' dir='ltr'>Uehcr</span> <span class='ocrx_word' id='word_1_346' title='bbox 692 3632 733 3682; x_wconf 89' lang='grc'>24.</span> <span class='ocrx_word' id='word_1_347' title='bbox 745 3634 902 3682; x_wconf 75' lang='lat' dir='ltr'>amtimutur</span> <span class='ocrx_word' id='word_1_348' title='bbox 917 3628 1061 3691; x_wconf 78' lang='lat' dir='ltr'>gewogen’,</span> <span class='ocrx_word' id='word_1_349' title='bbox 1075 3629 1167 3679; x_wconf 78' lang='lat' dir='ltr'>‘inhn-</span> 
     </span>
     <span class='ocr_line' id='line_1_42' title="bbox 98 3695 980 3762; baseline -0.005 -13"><span class='ocrx_word' id='word_1_350' title='bbox 98 3699 217 3749; x_wconf 73' lang='lat' dir='ltr'>Paccruc</span> <span class='ocrx_word' id='word_1_351' title='bbox 233 3696 285 3760; x_wconf 87' lang='lat' dir='ltr'>vgl.</span> <span class='ocrx_word' id='word_1_352' title='bbox 296 3695 355 3747; x_wconf 87' lang='lat' dir='ltr'>Xll.</span> <span class='ocrx_word' id='word_1_353' title='bbox 365 3700 412 3756; x_wconf 90' lang='grc'>44;</span> <span class='ocrx_word' id='word_1_354' title='bbox 432 3698 496 3748; x_wconf 87' lang='lat' dir='ltr'>uber</span> <span class='ocrx_word' id='word_1_355' title='bbox 505 3697 606 3748; x_wconf 82' lang='lat' dir='ltr'>Medico</span> <span class='ocrx_word' id='word_1_356' title='bbox 657 3697 743 3761; x_wconf 86' lang='lat' dir='ltr'>schlag</span> <span class='ocrx_word' id='word_1_357' title='bbox 762 3699 882 3762; x_wconf 86' lang='lat' dir='ltr'>gebracht</span> <span class='ocrx_word' id='word_1_358' title='bbox 899 3697 980 3747; x_wconf 87' lang='lat' dir='ltr'>wird&#39;.</span> 
     </span>
     <span class='ocr_line' id='line_1_43' title="bbox 98 3763 1175 3832; baseline -0.004 -16"><span class='ocrx_word' id='word_1_359' title='bbox 98 3783 130 3817; x_wconf 91' lang='lat' dir='ltr'>zu</span> <span class='ocrx_word' id='word_1_360' title='bbox 147 3765 217 3816; x_wconf 85' lang='lat' dir='ltr'>Xlll.</span> <span class='ocrx_word' id='word_1_361' title='bbox 238 3767 280 3817; x_wconf 81' lang='lat'>41</span> <span class='ocrx_word' id='word_1_362' title='bbox 691 3767 732 3817; x_wconf 80' lang='lat'>25.</span> <span class='ocrx_word' id='word_1_363' title='bbox 741 3771 895 3832; x_wconf 83' lang='lat' dir='ltr'>promptam</span> <span class='ocrx_word' id='word_1_364' title='bbox 908 3763 1092 3826; x_wconf 79' lang='lat' dir='ltr'>¹,schlaglertig&#39;</span> <span class='ocrx_word' id='word_1_365' title='bbox 1104 3764 1175 3813; x_wconf 91' lang='lat' dir='ltr'>d..h</span> 
     </span>
    </p>

    <p class='ocr_par' dir='ltr' id='par_1_6' title="bbox 133 3829 1165 3900">
     <span class='ocr_line' id='line_1_44' title="bbox 133 3829 1165 3900; baseline -0.005 -14"><span class='ocrx_word' id='word_1_366' title='bbox 133 3834 174 3886; x_wconf 82' lang='lat' dir='ltr'>tc.</span> <span class='ocrx_word' id='word_1_367' title='bbox 195 3832 326 3885; x_wconf 69' lang='grc' dir='ltr'>ὥιιιιιι·</span> <span class='ocrx_word' id='word_1_368' title='bbox 319 3847 352 3882; x_wconf 91' lang='lat' dir='ltr'>nn</span> <span class='ocrx_word' id='word_1_369' title='bbox 371 3832 513 3895; x_wconf 68' lang='grc' dir='ltr'>(ἔιιςιιιιιιι</span> <span class='ocrx_word' id='word_1_370' title='bbox 531 3832 578 3882; x_wconf 89' lang='lat' dir='ltr'>zu&#39;.</span> <span class='ocrx_word' id='word_1_371' title='bbox 657 3846 702 3883; x_wconf 85' lang='lat' dir='ltr'>aus</span> <span class='ocrx_word' id='word_1_372' title='bbox 727 3833 860 3900; x_wconf 86' lang='lat' dir='ltr'>erprobten</span> <span class='ocrx_word' id='word_1_373' title='bbox 884 3833 933 3881; x_wconf 89' lang='lat' dir='ltr'>und</span> <span class='ocrx_word' id='word_1_374' title='bbox 953 3829 1080 3893; x_wconf 84' lang='lat' dir='ltr'>tdchtigen</span> <span class='ocrx_word' id='word_1_375' title='bbox 1098 3830 1165 3881; x_wconf 86' lang='lat' dir='ltr'>Leu-</span> 
     </span>
    </p>

    <p class='ocr_par' dir='ltr' id='par_1_7' title="bbox 132 3898 1137 3955">
     <span class='ocr_line' id='line_1_45' title="bbox 132 3898 1137 3955; baseline -0.006 -1"><span class='ocrx_word' id='word_1_376' title='bbox 132 3903 174 3954; x_wconf 80' lang='lat'>21</span> <span class='ocrx_word' id='word_1_377' title='bbox 199 3900 354 3953; x_wconf 76' lang='lat' dir='ltr'>malueram.</span> <span class='ocrx_word' id='word_1_378' title='bbox 389 3898 451 3955; x_wconf 84' lang='lat' dir='ltr'>wn·</span> <span class='ocrx_word' id='word_1_379' title='bbox 472 3899 519 3951; x_wconf 90' lang='lat' dir='ltr'>ich</span> <span class='ocrx_word' id='word_1_380' title='bbox 536 3901 605 3953; x_wconf 74' lang='lat' dir='ltr'>hitto</span> <span class='ocrx_word' id='word_1_381' title='bbox 658 3908 700 3950; x_wconf 88' lang='lat' dir='ltr'>ten</span> <span class='ocrx_word' id='word_1_382' title='bbox 716 3901 865 3952; x_wconf 83' lang='lat' dir='ltr'>hestehend.</span> <span class='ocrx_word' id='word_1_383' title='bbox 1120 3932 1137 3941; x_wconf 43' lang='lat'>.·</span> 
     </span>
    </p>
   </div>
   <div class='ocr_carea' id='block_1_4' title="bbox 0 0 1286 4350">
    <p class='ocr_par' dir='ltr' id='par_1_8' title="bbox 0 0 1286 4350">
     <span class='ocr_line' id='line_1_46' title="bbox 0 0 1286 4350; baseline 0 0"><span class='ocrx_word' id='word_1_384' title='bbox 0 0 1286 4350; x_wconf 95' lang='lat' dir='ltr'> </span> 
     </span>
    </p>
   </div>
  </div>
 </body>
</html>
