2550 4350
95 308 220 370 pensu
317 305 359 356 ur
378 305 616 357 nxcnssuntvt
635 261 836 358 cucusum.
857 309 959 360 scr.
1052 297 1206 387 -283‘

56 467 61 475 ’
95 461 198 532 vobis,
236 467 336 538 patres
369 459 545 536 conscripti,
584 469 633 520 aut
665 460 813 538 quomodo
848 459 974 520 scribam
1013 469 1063 521 aut
1095 463 1168 542 quid

97 545 220 607 omnino
243 562 303 603 non
328 544 452 604 scribam
477 545 533 604 boc
554 552 699 623 tempore,
722 543 751 603 di
774 563 822 605 me
844 544 973 622 deaeque
991 545 1075 623 peius
1092 565 1164 624 per·

98 631 169 691 dant
190 647 277 706 quam
300 629 398 704 perire
420 648 467 689 mc
490 628 596 689 cotidie
618 621 731 700 sentio,
760 628 784 688 si
808 629 881 689 scio.
931 629 1012 689 Adeo
1035 631 1167 693 facinora

99 723 186 793 atque
210 712 317 790 llagitia
340 732 393 773 sua
416 713 471 790 ipsi
495 732 612 790 qunque
644 714 674 772 in
701 713 877 791 supplicium
900 721 1058 774 verterant.
1102 715 1164 776 Ne-

73 813 156 878 5que
186 800 293 859 lrustra
320 797 596 874 praestantissimus
632 798 793 876 sapientiae
828 798 945 870 firmare
973 800 1077 859 solitus
1107 809 1165 872 est,

98 884 124 944 si
147 883 337 943 recludantur
359 890 549 961 tyrannorum
579 891 709 953 mentes,
742 901 834 960 posse
862 883 953 960 aspici
982 884 1106 945 laniatus
1135 893 1168 944 ct

96 969 191 1037 ictus,
227 967 361 1044 quando,
394 975 424 1026 ul
453 984 576 1044 corpora
605 966 795 1039 verberibus,
829 967 868 1039 ita
892 967 1012 1028 saevitia
1044 968 1167 1030 libidine

98 1054 183 1114 malis
213 1052 358 1112 consultis
389 1050 504 1110 animus
534 1051 719 1112 dilaceretur.
778 1051 894 1130 Quippe
923 1051 1074 1113 Tiberium
1103 1071 1164 1114 non

98 1139 232 1207 lortuna,
260 1154 320 1195 nou
343 1135 519 1195 solitudines
541 1136 736 1214 protegebant
765 1136 835 1213 quin
867 1145 1012 1197 tormenta
1035 1139 1164 1215 pectoris
1235 1188 1241 1194 1

58 1232 89 1282 to
101 1239 228 1299 suasque
251 1220 315 1298 ipsc
337 1238 449 1298 poenas
473 1221 623 1280 fateretur.
665 1221 740 1281 Tum
764 1223 837 1281 lacta
859 1221 993 1299 patribus
1016 1227 1198 1301 potestate?

99 1304 246 1367 statuendi
269 1305 305 1365 de
328 1305 490 1365 Caeciliano
515 1314 670 1377 senatore,
693 1305 743 1383 qui
765 1306 889 1383 plurima
913 1306 1069 1366 adversum
1091 1306 1163 1368 Cot·

99 1400 156 1452 tam
178 1399 382 1468 prompserat,
411 1389 550 1466 placitum
579 1391 702 1471 eandem
724 1408 849 1467 poenam
873 1391 1002 1468 inrogari
1025 1411 1111 1469 qnam
1129 1391 1165 1453 in

97 1476 254 1535 Aruseium
278 1483 306 1533 et
329 1474 540 1551 Sanquinium‚
574 1485 761 1535 accusatores
785 1475 819 1534 L.
834 1476 982 1548 Arruntii;
1015 1495 1074 1554 quo
1103 1495 1166 1537 non

98 1559 175 1620 aliud
198 1558 441 1623 honorificentius
466 1559 568 1619 Cottae
590 1559 702 1630 evenit,
735 1560 784 1637 qni
813 1559 923 1619 nobilis
946 1560 1082 1638 quidem,
1118 1568 1168 1622 set

57 1654 88 1704 15
101 1663 190 1722 egens
219 1643 257 1702 ob
285 1643 400 1714 luxum,
435 1662 489 1720 per
516 1643 622 1720 flagitia
651 1643 787 1716 infamis,
816 1644 1012 1704 sanctissimis
1033 1645 1166 1706 Arruntii

99 1728 211 1788 artibus
234 1727 375 1805 dignitate
397 1727 518 1787 ultionis
542 1727 729 1805 aequabatur.
1164 1793 1166 1799 ,

187 1812 222 1882 Q.
238 1812 383 1872 Servaeus
406 1812 530 1890 posthac
552 1821 581 1871 et
602 1811 748 1871 Minucius
770 1810 917 1869 Thermus
939 1811 1066 1885 inducti,
1091 1813 1163 1873 Ser·
1243 1806 1246 1816 ¹

99 1915 190 1957 naeus
213 1906 348 1975 praetura
370 1898 487 1956 functus
511 1906 540 1956 et
560 1896 708 1974 qnondam
732 1894 898 1955 Germanici
921 1913 1038 1968 eomes,
1066 1898 1165 1957 Miuu-

99 1980 162 2041 cius
186 1983 313 2058 equestri
337 1982 418 2053 loco,
444 1981 577 2041 modeste
599 1979 696 2040 habita
717 1979 815 2039 Seiani
839 1978 980 2053 amicitia3
1003 1981 1081 2040 uude
1105 1981 1165 2040 illis

58 2066 193 2129 tomaior
214 2066 375 2126 miseratio.
421 2055 528 2126 Contra
552 2060 689 2125 Tiberius
711 2065 888 2143 praecipuos
918 2064 953 2123 ad
981 2064 1091 2124 scelera
1115 2066 1166 2125 iu-

97 2169 240 2229 crepaus‚
273 2150 426 2210 admonuit
454 2151 485 2210 G.
509 2150 639 2225 Cestium
670 2158 784 2227 patrem
817 2149 915 2208 dicere
945 2150 1058 2209 senatui
1088 2168 1165 2226 quae

99 2236 154 2296 sibi
187 2235 376 2313 scripsissem
415 2236 602 2314 suscepitque
638 2235 756 2294 Cestius
792 2233 1019 2294 accusationem.
1077 2234 1165 2306 Quod

97 2321 222 2381 maxime
246 2319 390 2380 exitiabile
414 2320 507 2381 tulere
529 2320 576 2380 illa
600 2329 749 2398 tempora,
780 2317 1017 2396 comprimores
1042 2327 1165 2380 senatus

96 2523 143 2572 den
167 2522 264 2571 Person
290 2521 438 2583 angelitbrt,
473 2521 522 2571 wie
540 2518 602 2570 Tac.
656 2514 775 2583 ψεύδους
791 2517 837 2568 καὶ
854 2513 1012 2578 ἀλαζονείας
1028 2516 1073 2568 καὶ
1088 2515 1169 2570 οὐδὲν

95 2591 157 2647 hier,
178 2588 248 2639 xlv.
259 2592 290 2640 59
303 2605 325 2637 u.
335 2587 393 2638 XV.
404 2591 444 2645 et,
465 2588 604 2654 Xenophon
656 2583 722 2637 seed
746 2583 792 2636 διὰ
817 2583 849 2637 τὸ
880 2581 945 2638 ἄνευ
975 2581 1103 2649 ἀληθείας
1127 2603 1167 2638 τε·

95 2658 159 2708 llell.
181 2658 199 2707 l.
216 2659 279 2712 t‚23
306 2657 352 2706 deu
373 2657 446 2705 Briel
466 2658 510 2705 des
529 2656 605 2720 Spar·
657 2650 786 2721 τράφθαι
817 2652 862 2704 καὶ
893 2651 945 2705 ὑπὸ
973 2649 1095 2712 ἐξουσίας
1121 2651 1167 2704 καὶ

94 2733 180 2775 tauers
208 2725 386 2791 Hippocrates;
424 2730 495 2773 sonst
524 2723 604 2772 haben
655 2723 763 2792 τρυφῆς
785 2719 831 2776 καὶ
854 2716 1017 2790 ὕβρεωςκαλ
1035 2715 1170 2788 ἀκρατίάς

94 2794 139 2849 sie.
162 2809 201 2841 um
220 2793 260 2842 die
271 2792 372 2841 Einbeit
383 2790 450 2840 uicbt
464 2807 494 2839 zu
508 2792 600 2847 stdren.
655 2791 712 2842 τῶν
728 2785 854 2859 πράξεων
871 2785 1057 2858 ἀσυμμετρίας
1074 2785 1166 2839 τεκαὶ

95 2862 150 2910 dem
168 2861 279 2910 lremden
299 2860 435 2910 chanlren
460 2860 513 2908 ihre
532 2858 606 2907 llorm
656 2855 836 2927 αἰσχρότητος
852 2856 992 2925 γέμουσαν
1010 2853 1059 2917 τὴν
1074 2852 1169 2924 ψυχὴν

95 2929 216 2991 gegeben.
255 2928 298 2977 Bel
318 2927 410 2977 Sueten
429 2926 542 2982 Tibb'l,
562 2940 604 2974 wo
656 2919 732 2978 ελδεν.
781 2927 904 2978 thuare
930 2926 997 2975 stebt
1021 2925 1061 2974 ldr
1084 2925 1168 2987 adfir-

57 3028 62 3039 .
95 2996 223 3046 dieselben
241 2995 334 3044 Worte
359 2996 444 3062 stelin,
476 2994 554 3044 hcisst
577 3008 604 3043 cs
654 3011 742 3060 mare,
768 2997 819 3045 wie
846 2994 863 3044 l.
879 2997 920 3045 81.
947 2993 989 3043 Vl.
1005 2996 1044 3045 28.
1062 2997 1103 3045 50.
1132 2993 1165 3044 lt.

93 3063 144 3113 wol
177 3080 221 3112 aus
248 3063 362 3112 Verseba
398 3077 478 3127 quam
507 3060 604 3112 cotidie
657 3062 724 3114 ll.9.

91 3135 183 3195 perire
200 3135 291 3181 sentio.
689 3133 712 3181 9.
731 3128 1164 3192 fortuna·Stellung’,wielV.18.'
1237 3161 1240 3168 -

130 3202 152 3248 5.
176 3200 422 3263 praestantissimus
448 3199 603 3260 sapientiae.
688 3193 718 3254 7.
744 3201 782 3250 13.
802 3204 969 3247 accusatores
987 3196 1016 3246 L.
1030 3196 1166 3247 Armentii.

93 3264 166 3314 Plato
179 3265 255 3328 Gorg.
266 3269 316 3318 524
327 3266 361 3314 ll:
380 3260 407 3313 Ὁ
416 3260 606 3331 Ῥαδάμανθυς
655 3265 710 3317 Von
729 3266 813 3316 dieser
830 3265 944 3327 Anlrlagc
966 3264 999 3313 ist
1016 3262 1104 3314 Nicbts
1122 3265 1168 3314 be·

93 3334 193 3384 θεᾶται
216 3330 331 3383 ἑκάστου
355 3329 409 3394 τὴν·
421 3329 529 3399 ψυχήν,
556 3325 604 3381 οὐκ
656 3334 746 3383 kannt:
777 3333 818 3382 bei
841 3333 903 3382 Tac.
936 3332 971 3381 ist
994 3333 1040 3381 der
1064 3331 1168 3381 Bericbt

94 3397 173 3455 εἰδώς
192 3398 256 3451 ὅτου
274 3397 363 3457 ἐστίν,
394 3395 460 3450 ἄλλα
477 3395 605 3454 πολλάκις
656 3400 766 3450 dardber
783 3401 806 3449 in
826 3402 872 3450 der
884 3415 987 3461 crossen
1000 3399 1084 3448 delre
1103 3399 1166 3447 nacb

94 3469 143 3515 τοῦ
161 3465 279 3549 μεγάλου
296 3467 427 3534 βασιλέως
447 3465 605 3534 ἓπιλαβόμε-
655 3468 711 3518 V.b
730 3468 846 3517 verloren
865 3483 1002 3531 gcgangen.
1035 3466 1169 3515 Ammites

95 3548 143 3585 νος
161 3553 175 3593 η
196 3530 274 3584 ἄλλου
301 3533 416 3586 ὁτουοῦν
457 3528 603 3595 ασιλέωςῆ
655 3537 690 3586 ist
712 3536 929 3597 mdglicberweise
958 3536 1003 3585 der
1027 3536 1097 3584 cdd
1126 3548 1168 3583 er·

95 3594 232 3650 δυνάστου
249 3598 465 3654 austrovaldo
482 3598 555 3669 ὑγιὲς
573 3596 605 3650 ὂν
655 3606 765 3654 wibute.

94 3668 251 3748 sceapwic,
271 3663 335 3719 ἀλλὰ
349 3668 605 3754 δοαμεμαστιμωμέ·
693 3675 729 3723 ll.
750 3672 778 3736 (l.
799 3670 935 3721 Servaeus.
979 3670 1005 3720 S.
1026 3685 1057 3718 zu
1076 3666 1105 3717 ll.
1123 3669 1165 3720 56.

94 3753 146 3796 νην
164 3750 209 3784 και-
228 3730 316 3785 οὗλυῑν
330 3737 433 3804 μεστὴν
450 3734 502 3788 ὑπὸ
514 3754 605 3805 aucep·
655 3739 703 3789 Die
722 3739 816 3789 Worte
834 3738 949 3787 modeste
967 3739 1058 3787 tradita
1076 3736 1171 3786 Seiani

93 3804 162 3853 κιών
193 3800 239 3853 καὶ
266 3797 384 3863 ἀδικίας,
416 3801 561 3872 dendorp
588 3801 603 3866 ἢ
657 3809 776 3857 amicitia
793 3805 899 3857 beaiebn
917 3805 968 3854 slcb
988 3805 1131 3855 aulbcide.

94 3872 192 3941 πρᾶξις
211 3865 300 3927 αὐτοῦ,
315 3865 486 3944 ἔξωμόρξατο
505 3871 542 3930 εἷς
555 3868 606 3932 τὴν
691 3877 731 3926 rt.
753 3874 778 3925 C.
800 3873 914 3926 Cestium
935 3877 1048 3937 patrem.
1090 3872 1115 3922 S.
1137 3887 1169 3921 an

92 3937 202 4009 ψυχήν,
232 3937 278 3990 καὶ
307 3938 399 3992 πάντα
433 3939 526 3993 σκολιὰ
552 3936 605 3990 tut
656 3941 700 3992 lll.
716 3944 755 3994 36.
