2550 4350
157 278 218 341 160
387 280 392 287 ’
563 280 721 335 conunnu
738 280 851 333 rrum
1106 285 1234 348 (naen

153 442 323 512 haberetur,
347 437 535 518 despiciebat
558 446 648 514 gesta,
675 435 749 497 nihil
772 435 874 497 caedis
897 448 948 496 aut
967 436 1115 581 praedae,
1140 457 1230 500 usur-

154 536 239 607 palas
262 523 383 585 nomine
406 534 493 584 tenus
517 522 635 582 urbium
658 520 894 599 expugnationes
917 520 964 582 dic
980 521 1075 581 itans:
1117 541 1154 583 se
1178 524 1230 585 tri·

152 611 223 672 buta
252 629 288 670 ac
315 608 398 685 leges
427 617 457 667 et
484 625 539 685 pro
563 605 667 666 umbra
690 605 770 681 regis
794 598 959 664 Romanum
981 605 1030 665 ius
1053 606 1149 667 victis
1173 607 1228 669 im·

124 696 334 775 lpositnrum.
379 692 440 752 Sub
473 691 553 751 idem
583 698 701 768 tempus
729 689 821 766 legati
849 689 1041 765 Vologaesis,
1077 695 1159 769 qu'os
1193 693 1231 754 ad

153 778 322 859 principem
345 776 456 836 missos
479 774 651 844 memoravi,
680 784 829 834 revertere
846 772 938 845 inriti,
961 772 1142 853 bellumque
1159 787 1248 855 pro-5

153 863 253 942 palam
276 869 427 938 sumptum
449 878 465 920 a
488 858 619 920 Parthis.
646 858 709 920 Nec
731 859 841 918 Paetus
864 857 1050 928 detrectavit,
1075 861 1134 920 sed
1158 863 1229 921 dua-

153 948 211 1009 bus
234 945 412 1022 legionibus,
437 962 562 1022 quarum
585 952 719 1021 quartam
742 941 944 1003 Funisulanus
966 943 1170 1005 Vettonianus
1193 964 1226 1006 eo

129 1097 133 1110 .
155 1033 353 1107 intempore,
383 1030 600 1089 duodecumam
624 1027 758 1087 Calavius
782 1026 911 1087 Sabinus
935 1027 1093 1102 regebant,
1123 1031 1226 1090 Arme-

155 1116 236 1177 niam
268 1114 369 1185 intrat,
404 1112 481 1173 tristi
512 1112 623 1173 omine.
667 1111 741 1179 Nam
770 1110 800 1171 in
830 1120 1019 1188 transgressu
1048 1112 1225 1192 Euphratis,

154 1218 242 1281 quem
264 1206 357 1276 ponte
381 1196 594 1266 demittebant,
619 1194 698 1255 nulla
721 1195 819 1273 palam
843 1214 932 1256 causa
955 1196 1096 1256 turbatus
1120 1207 1257 1278 equus,1t

155 1285 206 1365 qui
228 1281 398 1343 consularia
421 1280 551 1356 insignia
568 1279 712 1356 gestabat,
736 1289 816 1340 retro
834 1280 939 1341 evasit.
962 1280 1133 1361 Hostiaque
1150 1303 1226 1362 qnae

151 1366 365 1431 muniebantur
385 1363 589 1425 hibernaculis
613 1364 764 1423 adsistens
787 1365 942 1425 semifacta
959 1384 1052 1443 opera
1069 1367 1142 1444 luga
1158 1387 1226 1446 per·

153 1451 236 1531 rupit
256 1468 350 1531 seque
371 1450 448 1510 vallo
472 1448 585 1510 extulit.
628 1447 666 1508 Et
688 1447 749 1526 pila
771 1447 898 1509 militurn
922 1468 1034 1521 arsere,
1059 1451 1159 1528 magis
1183 1452 1226 1514 in·

153 1537 232 1614 signi
261 1535 412 1615 prodigio,
442 1533 511 1612 quia
540 1532 669 1593 Parthus
697 1532 795 1592 hostis
824 1533 990 1597 missilibus
1020 1534 1090 1595 telis
1122 1536 1225 1598 decer·

123 1621 206 1685 tur.
240 1620 377 1682 Ceterum
399 1619 508 1679 Paetus
532 1617 642 1697 spretis
665 1616 826 1690 ominibus,
850 1619 976 1678 necdum
999 1618 1077 1679 satis
1100 1621 1225 1681 firmatis
1234 1630 1256 1680 15

152 1704 368 1777 hibernaculis,
391 1703 473 1764 nullo
496 1703 540 1764 rei
562 1701 773 1763 frumentariae
796 1703 928 1780 provisu,
956 1703 1037 1781 rapit
1059 1705 1225 1767 exercitum

81 1823 86 1831 ·
154 1800 237 1852 mans
258 1797 393 1850 montem
409 1788 539 1850 Taurum
561 1787 777 1864 reciperandis,
800 1794 833 1845 ut
853 1787 976 1858 terebat,
1001 1787 1225 1866 Tigranocertis

151 1874 366 1951 vastandisque
388 1872 562 1950 regionibus
586 1889 659 1949 quas
684 1870 813 1932 Corbulo
837 1871 969 1948 integras
992 1872 1162 1935 omisisset.
1189 1875 1225 1935 Et

155 1967 240 2037 capta
264 1957 409 2036 quaedam
432 1956 565 2028 castella,
589 1956 763 2034 gloriaeque
786 1965 816 2015 et
836 1956 967 2035 praedae
990 1957 1133 2019 nonnihil
1154 1977 1221 2038 parf

154 2053 225 2115 tum,
258 2043 284 2103 si
314 2051 364 2102 aut
393 2040 518 2116 gloriam
541 2059 608 2100 cum
631 2040 721 2100 modo
745 2048 796 2100 aut
816 2041 958 2118 praedam
982 2060 1051 2102 cum
1073 2061 1147 2107 cura
1170 2045 1254 2105 habt

153 2127 280 2188 buisset.
303 2125 488 2202 Longinquis
512 2123 671 2184 itineribus
693 2126 899 2201 percursando
924 2143 1000 2204 quae
1024 2125 1156 2189 obtineri
1171 2147 1223 2189 ne-

154 2210 287 2288 quibant,
311 2219 452 2287 corrupto
477 2208 526 2286 qui
551 2217 656 2286 captus
679 2217 743 2268 erat
766 2219 933 2270 commeatu
956 2217 985 2271 et
1008 2209 1143 2274 instante
1166 2213 1223 2275 iam

151 2293 261 2365 hieme,
291 2293 406 2354 reduxit
435 2292 597 2352 exercitum
621 2293 842 2370 conposuitque
864 2293 901 2353 ad
924 2293 1085 2356 Caesarem
1109 2298 1222 2359 litteras

152 2377 238 2455 quasi
261 2377 398 2437 conlecto
421 2374 509 2445 bello,
533 2375 633 2436 verbis
655 2377 832 2452 magnificis,
855 2396 956 2440 rerum
978 2398 1102 2443 vacuas.

120 2463 140 2523 9
237 2458 360 2519 Interim
390 2459 520 2519 Corbulo
549 2478 711 2538 numquam
740 2461 907 2539 neglectam
930 2464 1095 2541 Euphratis
1124 2467 1251 2545 ripamb

152 2543 356 2605 crebrioribus
383 2544 545 2622 praesidiis
568 2543 697 2619 insedit,
728 2554 758 2607 et
780 2566 818 2608 ne
840 2547 925 2626 ponti
948 2548 1103 2611 iniciendo
1128 2551 1221 2631 impe·

152 2629 317 2692 dimeutum
339 2627 466 2689 hostiles
489 2639 604 2691 turmae
627 2631 852 2705 allerrentliam
875 2632 955 2692 enim
978 2633 1128 2696 subiectis
1144 2654 1220 2697 cam·
1250 2678 1253 2683 -

150 2714 199 2794 pis
222 2733 329 2793 magna
353 2714 456 2793 specie
476 2715 661 2791 volitabant),
690 2735 781 2776 naves
804 2716 1008 2793 magnitudine
1031 2727 1220 2797 praestantes

153 2806 183 2860 et
210 2819 339 2862 conexas
367 2799 502 2861 trabibus
532 2819 567 2862 ac
589 2799 722 2861 turribus
745 2812 847 2863 auctas
871 2801 931 2878 agit
953 2821 1008 2880 per
1030 2822 1152 2866 amnem
1173 2823 1219 2865 ca·

152 2886 335 2965 tapnltisque
365 2894 395 2945 et
421 2885 540 2945 balistis
568 2884 725 2960 proturbat
754 2886 915 2958 barbaros,
944 2885 1075 2966 inques
1100 2907 1170 2950 saxa
1193 2894 1254 2948 ettt

150 2969 400 3045 hastae-longius
429 2968 640 3046 permeabant,
675 2988 762 3047 quam
793 2982 825 3031 ut
859 2970 1010 3031 contrario
1044 2972 1220 3049 sagittarum

151 3052 231 3112 iactu
246 3052 492 3131 adaequarentur.
515 3051 592 3111 Dein
607 3071 685 3130 pons
705 3056 907 3126 continuatus,
931 3055 1086 3134 collesque
1103 3055 1220 3139 aduersi

151 3153 207 3213 per
229 3134 327 3195 socias
352 3135 501 3206 cohortes,
525 3145 595 3213 post
615 3137 768 3214 legionum
789 3138 895 3198 eastris
917 3151 1114 3218 occupantur,
1138 3151 1219 3203 tanta

150 3218 303 3279 celeritate
339 3227 369 3279 et
397 3220 605 3282 ostentatione·
627 3222 734 3283 virium
769 3229 801 3282 ut
827 3222 930 3281 Parthi
964 3224 1078 3285 omisso
1114 3232 1220 3306 paratu

182 3370 206 3420 3.
229 3384 282 3433 pro
315 3370 410 3420 umbra
440 3373 527 3436 regib,
560 3379 657 3422 anstatt
742 3363 770 3424 7.
793 3373 833 3421 11.
853 3372 1007 3423 consularia
1033 3377 1163 3440 insigma,
1190 3373 1218 3433 8.

148 3436 207 3487 dass
226 3437 266 3487 die
284 3436 480 3490 Rdmerbisher
502 3441 549 3490 den
568 3442 656 3489 Arme·
708 3452 729 3485 c.
750 3439 775 3488 6.
1221 3470 1225 3479 ·

147 3505 219 3555 niern
242 3507 373 3557 entweder
390 3507 463 3557 einen
481 3507 563 3568 Kdnig
580 3521 655 3568 gcge·
742 3502 1225 3579 13.arsereleuchtetenanihrenSpli·
1252 3498 1267 3565 :l

146 3571 203 3631 ben,
224 3574 271 3624 der
288 3575 356 3625 nicht
373 3575 398 3624 in
417 3572 654 3624 deulestenssesitz
705 3587 752 3622 zen
771 3574 796 3623 in
815 3575 861 3624 der
878 3574 1031 3627 nunlelleit
1052 3593 1101 3627 von
1120 3578 1223 3633 dcem·
1256 3594 1262 3621 ²

147 3642 299 3701 gehommeu,
321 3643 383 3692 oder
400 3642 441 3691 bei
459 3641 515 3689 dem
533 3639 574 3688 die
590 3638 654 3690 Ver·
706 3642 790 3692 schem
809 3640 896 3692 Glenz.
1251 3622 1267 3687 ’ἦ

145 3707 247 3772 leihung
281 3711 327 3759 der
352 3707 547 3768 Kdnigswirrde·
570 3706 654 3756 blossc
740 3704 770 3764 8.
798 3712 838 3760 tr.
856 3711 1048 3774 percursando.
1086 3712 1142 3765 Der
1159 3712 1216 3767 tbt.
1253 3688 1267 3777 ‚l

145 3775 294 3827 Formalitiit
312 3789 437 3835 gcwcsen,
459 3774 541 3822 indern
560 3789 588 3822 cr
606 3775 652 3823 wi·
706 3775 738 3825 ist
756 3777 800 3824 mit
822 3777 854 3824 'in
874 3778 957 3839 Fulge'
975 3795 1006 3827 zu
1025 3779 1190 3833 bbersetzen.
1250 3774 1267 3827 ι’

146 3844 192 3894 aer
216 3845 286 3892 rnen
304 3840 402 3890 tvruen
428 3841 475 3890 aar
495 3841 543 3890 aen
567 3839 651 3891 ronna
740 3839 768 3898 n.
796 3845 836 3894 m.
863 3846 986 3894 meream
1003 3874 1038 3883 -
1056 3848 1219 3903 vorterent
1245 3835 1267 3915 ',

145 3911 299 3972 gckommen.
321 3908 377 3971 Vgl.
399 3923 420 3957 c.
443 3910 483 3960 14.
705 3909 788 3961 Ueher
805 3911 853 3961 den
872 3912 1024 3963 llcxameter
1041 3929 1073 3963 zu
1092 3914 1112 3966 l.
1137 3920 1162 3968 1.
