<?xml version="1.0" encoding="UTF-8"?>
<!DOCTYPE html PUBLIC "-//W3C//DTD XHTML 1.0 Transitional//EN"
    "http://www.w3.org/TR/xhtml1/DTD/xhtml1-transitional.dtd">
<html xmlns="http://www.w3.org/1999/xhtml" xml:lang="en" lang="en">
 <head>
  <title>
</title>
<meta http-equiv="Content-Type" content="text/html;charset=utf-8" />
  <meta name='ocr-system' content='tesseract 3.04.00' />
  <meta name='ocr-capabilities' content='ocr_page ocr_carea ocr_par ocr_line ocrx_word'/>
</head>
<body>
  <div class='ocr_page' id='page_1' title='image "./corneliustacitu00claugoog_0397.png"; bbox 0 0 2550 4350; ppageno 0'>
   <div class='ocr_carea' id='block_1_1' title="bbox 156 274 1226 353">
    <p class='ocr_par' dir='ltr' id='par_1_1' title="bbox 156 274 1226 353">
     <span class='ocr_line' id='line_1_1' title="bbox 156 274 1226 353; baseline -0.004 -20"><span class='ocrx_word' id='word_1_1' title='bbox 156 274 194 333; x_wconf 83' lang='grc'>14</span> <span class='ocrx_word' id='word_1_2' title='bbox 548 277 705 353; x_wconf 70' lang='lat' dir='ltr'>coartant}</span> <span class='ocrx_word' id='word_1_3' title='bbox 723 277 835 330; x_wconf 81' lang='lat' dir='ltr'>TAClTl</span> <span class='ocrx_word' id='word_1_4' title='bbox 1049 288 1059 333; x_wconf 84' lang='grc'>“,</span> <span class='ocrx_word' id='word_1_5' title='bbox 1104 282 1167 342; x_wconf 74' lang='lat' dir='ltr'>(au.</span> <span class='ocrx_word' id='word_1_6' title='bbox 1177 287 1226 329; x_wconf 83' lang='lat'>80⁰</span> 
     </span>
    </p>
   </div>
   <div class='ocr_carea' id='block_1_2' title="bbox 107 431 1263 2699">
    <p class='ocr_par' dir='ltr' id='par_1_2' title="bbox 157 431 1251 597">
     <span class='ocr_line' id='line_1_2' title="bbox 157 431 1251 510; baseline -0.003 -13"><span class='ocrx_word' id='word_1_7' title='bbox 157 438 256 508; x_wconf 83' lang='lat' dir='ltr'>nelos,</span> <span class='ocrx_word' id='word_1_8' title='bbox 281 434 432 495; x_wconf 89' lang='lat' dir='ltr'>auxiliaris</span> <span class='ocrx_word' id='word_1_9' title='bbox 456 442 485 493; x_wconf 91' lang='lat' dir='ltr'>et</span> <span class='ocrx_word' id='word_1_10' title='bbox 508 433 558 493; x_wconf 92' lang='lat' dir='ltr'>diu</span> <span class='ocrx_word' id='word_1_11' title='bbox 581 432 721 503; x_wconf 89' lang='lat' dir='ltr'>moritus,</span> <span class='ocrx_word' id='word_1_12' title='bbox 744 440 814 510; x_wconf 91' lang='lat' dir='ltr'>post</span> <span class='ocrx_word' id='word_1_13' title='bbox 837 433 1005 508; x_wconf 78' lang='lat' dir='ltr'>transfuga,</span> <span class='ocrx_word' id='word_1_14' title='bbox 1029 431 1145 493; x_wconf 91' lang='lat' dir='ltr'>levibus</span> <span class='ocrx_word' id='word_1_15' title='bbox 1170 453 1223 494; x_wconf 93' lang='lat' dir='ltr'>na·</span> <span class='ocrx_word' id='word_1_16' title='bbox 1248 440 1251 444; x_wconf 87' lang='lat'>&#39;</span> 
     </span>
     <span class='ocr_line' id='line_1_3' title="bbox 157 515 1224 597; baseline -0.003 -16"><span class='ocrx_word' id='word_1_17' title='bbox 157 520 243 597; x_wconf 84' lang='lat' dir='ltr'>rigiis</span> <span class='ocrx_word' id='word_1_18' title='bbox 275 517 506 597; x_wconf 87' lang='lat' dir='ltr'>praedabundus</span> <span class='ocrx_word' id='word_1_19' title='bbox 536 515 685 596; x_wconf 87' lang='lat' dir='ltr'>Gallorum</span> <span class='ocrx_word' id='word_1_20' title='bbox 716 517 843 576; x_wconf 81' lang='lat' dir='ltr'>maxime</span> <span class='ocrx_word' id='word_1_21' title='bbox 870 535 956 589; x_wconf 31' lang='lat' dir='ltr'>,oram</span> <span class='ocrx_word' id='word_1_22' title='bbox 977 515 1126 588; x_wconf 87' lang='lat' dir='ltr'>vastabat,</span> <span class='ocrx_word' id='word_1_23' title='bbox 1162 535 1224 578; x_wconf 94' lang='lat' dir='ltr'>non</span> 
     </span>
    </p>

    <p class='ocr_par' dir='ltr' id='par_1_3' title="bbox 125 600 1263 1771">
     <span class='ocr_line' id='line_1_4' title="bbox 125 600 1225 680; baseline -0.003 -16"><span class='ocrx_word' id='word_1_24' title='bbox 125 638 128 648; x_wconf 54' lang='grc' dir='ltr'>ι</span> <span class='ocrx_word' id='word_1_25' title='bbox 158 604 279 680; x_wconf 90' lang='lat' dir='ltr'>ignarus</span> <span class='ocrx_word' id='word_1_26' title='bbox 303 602 380 662; x_wconf 88' lang='lat' dir='ltr'>dites</span> <span class='ocrx_word' id='word_1_27' title='bbox 404 610 432 662; x_wconf 88' lang='lat' dir='ltr'>et</span> <span class='ocrx_word' id='word_1_28' title='bbox 455 601 583 661; x_wconf 85' lang='lat' dir='ltr'><strong>inbelles</strong></span> <span class='ocrx_word' id='word_1_29' title='bbox 606 619 684 661; x_wconf 89' lang='lat' dir='ltr'>esse.</span> <span class='ocrx_word' id='word_1_30' title='bbox 741 600 931 675; x_wconf 74' lang='lat' dir='ltr'>altomuro</span> <span class='ocrx_word' id='word_1_31' title='bbox 960 600 1146 678; x_wconf 91' lang='lat' dir='ltr'>provinciam</span> <span class='ocrx_word' id='word_1_32' title='bbox 1177 601 1225 662; x_wconf 92' lang='lat' dir='ltr'>in·</span> 
     </span>
     <span class='ocr_line' id='line_1_5' title="bbox 157 683 1223 765; baseline -0.001 -19"><span class='ocrx_word' id='word_1_33' title='bbox 157 705 289 765; x_wconf 82' lang='lat' dir='ltr'>gressus,</span> <span class='ocrx_word' id='word_1_34' title='bbox 313 704 419 762; x_wconf 92' lang='lat' dir='ltr'>magna</span> <span class='ocrx_word' id='word_1_35' title='bbox 443 704 509 745; x_wconf 92' lang='lat' dir='ltr'>oum</span> <span class='ocrx_word' id='word_1_36' title='bbox 531 703 600 745; x_wconf 90' lang='lat' dir='ltr'>cura</span> <span class='ocrx_word' id='word_1_37' title='bbox 625 693 654 744; x_wconf 91' lang='grc'>33</span> <span class='ocrx_word' id='word_1_38' title='bbox 676 702 744 744; x_wconf 85' lang='lat' dir='ltr'>mox</span> <span class='ocrx_word' id='word_1_39' title='bbox 765 683 869 762; x_wconf 90' lang='lat' dir='ltr'>gloria,</span> <span class='ocrx_word' id='word_1_40' title='bbox 893 685 940 744; x_wconf 89' lang='lat' dir='ltr'>cui</span> <span class='ocrx_word' id='word_1_41' title='bbox 964 684 1148 762; x_wconf 88' lang='lat' dir='ltr'>principium</span> <span class='ocrx_word' id='word_1_42' title='bbox 1171 685 1223 746; x_wconf 91' lang='lat' dir='ltr'>illa</span> 
     </span>
     <span class='ocr_line' id='line_1_6' title="bbox 157 767 1261 847; baseline -0.002 -16"><span class='ocrx_word' id='word_1_43' title='bbox 157 771 263 832; x_wconf 87' lang='lat' dir='ltr'>militia</span> <span class='ocrx_word' id='word_1_44' title='bbox 288 770 357 841; x_wconf 86' lang='lat' dir='ltr'>luit,</span> <span class='ocrx_word' id='word_1_45' title='bbox 380 769 520 830; x_wconf 76' lang='lat' dir='ltr'>triremes</span> <span class='ocrx_word' id='word_1_46' title='bbox 543 769 625 828; x_wconf 86' lang='lat' dir='ltr'>alveo</span> <span class='ocrx_word' id='word_1_47' title='bbox 649 767 760 841; x_wconf 86' lang='lat' dir='ltr'>Rheni,</span> <span class='ocrx_word' id='word_1_48' title='bbox 784 775 900 829; x_wconf 86' lang='lat' dir='ltr'>ceteras</span> <span class='ocrx_word' id='word_1_49' title='bbox 924 767 1051 840; x_wconf 88' lang='lat' dir='ltr'>navium,</span> <span class='ocrx_word' id='word_1_50' title='bbox 1075 777 1108 828; x_wconf 91' lang='lat' dir='ltr'>ut</span> <span class='ocrx_word' id='word_1_51' title='bbox 1131 782 1261 847; x_wconf 85' lang='lat' dir='ltr'>quae-5·</span> 
     </span>
     <span class='ocr_line' id='line_1_7' title="bbox 159 851 1237 939; baseline 0 -26"><span class='ocrx_word' id='word_1_52' title='bbox 159 873 216 932; x_wconf 90' lang='lat' dir='ltr'>que</span> <span class='ocrx_word' id='word_1_53' title='bbox 239 853 365 925; x_wconf 87' lang='lat' dir='ltr'>habiles,</span> <span class='ocrx_word' id='word_1_54' title='bbox 388 872 443 930; x_wconf 88' lang='lat' dir='ltr'>per</span> <span class='ocrx_word' id='word_1_55' title='bbox 465 851 613 913; x_wconf 88' lang='lat' dir='ltr'>aestuaria</span> <span class='ocrx_word' id='word_1_56' title='bbox 637 860 666 939; x_wconf 78' lang='lat' dir='ltr'>et</span> <span class='ocrx_word' id='word_1_57' title='bbox 688 853 785 912; x_wconf 91' lang='grc'><strong>133333</strong></span> <span class='ocrx_word' id='word_1_58' title='bbox 807 852 922 928; x_wconf 70' lang='lat' dir='ltr'>adegit,</span> <span class='ocrx_word' id='word_1_59' title='bbox 945 851 1146 930; x_wconf 83' lang='lat' dir='ltr'>lintribusque</span> <span class='ocrx_word' id='word_1_60' title='bbox 1168 854 1237 913; x_wconf 93' lang='lat' dir='ltr'>ho··</span> 
     </span>
     <span class='ocr_line' id='line_1_8' title="bbox 157 936 1224 1016; baseline -0.001 -17"><span class='ocrx_word' id='word_1_61' title='bbox 157 939 246 999; x_wconf 86' lang='lat' dir='ltr'>stium</span> <span class='ocrx_word' id='word_1_62' title='bbox 271 937 424 1016; x_wconf 82' lang='lat' dir='ltr'>depressis</span> <span class='ocrx_word' id='word_1_63' title='bbox 449 945 479 997; x_wconf 89' lang='grc'>33</span> <span class='ocrx_word' id='word_1_64' title='bbox 501 937 657 998; x_wconf 83' lang='lat' dir='ltr'>exturbato</span> <span class='ocrx_word' id='word_1_65' title='bbox 681 936 855 1007; x_wconf 79' lang='lat' dir='ltr'>Gannasco,</span> <span class='ocrx_word' id='word_1_66' title='bbox 878 936 929 996; x_wconf 91' lang='lat' dir='ltr'>uhi</span> <span class='ocrx_word' id='word_1_67' title='bbox 952 937 1123 1014; x_wconf 86' lang='lat' dir='ltr'>praesentia</span> <span class='ocrx_word' id='word_1_68' title='bbox 1149 938 1224 998; x_wconf 88' lang='lat' dir='ltr'>satis</span> 
     </span>
     <span class='ocr_line' id='line_1_9' title="bbox 158 1020 1225 1100; baseline -0.001 -17"><span class='ocrx_word' id='word_1_69' title='bbox 158 1022 326 1100; x_wconf 89' lang='lat' dir='ltr'>composita</span> <span class='ocrx_word' id='word_1_70' title='bbox 350 1030 434 1087; x_wconf 83' lang='lat' dir='ltr'>sunt.</span> <span class='ocrx_word' id='word_1_71' title='bbox 465 1021 600 1100; x_wconf 77' lang='lat' dir='ltr'>legiones</span> <span class='ocrx_word' id='word_1_72' title='bbox 624 1039 748 1098; x_wconf 88' lang='lat' dir='ltr'>operum</span> <span class='ocrx_word' id='word_1_73' title='bbox 772 1030 801 1080; x_wconf 88' lang='lat' dir='ltr'>et</span> <span class='ocrx_word' id='word_1_74' title='bbox 822 1020 1095 1096; x_wconf 82' lang='lat' dir='ltr'>lahorisignavas‚</span> <span class='ocrx_word' id='word_1_75' title='bbox 1126 1041 1225 1100; x_wconf 90' lang='lat' dir='ltr'>popu·</span> 
     </span>
     <span class='ocr_line' id='line_1_10' title="bbox 156 1104 1223 1183; baseline -0.002 -15"><span class='ocrx_word' id='word_1_76' title='bbox 156 1106 320 1168; x_wconf 85' lang='lat' dir='ltr'>latioribus</span> <span class='ocrx_word' id='word_1_77' title='bbox 343 1107 504 1176; x_wconf 88' lang='lat' dir='ltr'>laetantes,</span> <span class='ocrx_word' id='word_1_78' title='bbox 537 1112 666 1164; x_wconf 88' lang='lat' dir='ltr'>veterem</span> <span class='ocrx_word' id='word_1_79' title='bbox 701 1104 736 1162; x_wconf 94' lang='lat' dir='ltr'>ad</span> <span class='ocrx_word' id='word_1_80' title='bbox 767 1122 879 1164; x_wconf 94' lang='lat' dir='ltr'>morem</span> <span class='ocrx_word' id='word_1_81' title='bbox 911 1105 1043 1177; x_wconf 86' lang='lat' dir='ltr'>reduxit,</span> <span class='ocrx_word' id='word_1_82' title='bbox 1081 1107 1223 1183; x_wconf 77' lang='lat' dir='ltr'>ne-quis</span> 
     </span>
     <span class='ocr_line' id='line_1_11' title="bbox 156 1184 1263 1267; baseline -0.002 -17"><span class='ocrx_word' id='word_1_83' title='bbox 156 1190 274 1267; x_wconf 89' lang='lat' dir='ltr'>agmine</span> <span class='ocrx_word' id='word_1_84' title='bbox 297 1189 456 1249; x_wconf 81' lang='lat' dir='ltr'>decederet</span> <span class='ocrx_word' id='word_1_85' title='bbox 478 1184 534 1248; x_wconf 81' lang='lat' dir='ltr'>nec</span> <span class='ocrx_word' id='word_1_86' title='bbox 556 1194 686 1266; x_wconf 86' lang='lat' dir='ltr'>pugnam</span> <span class='ocrx_word' id='word_1_87' title='bbox 715 1187 775 1247; x_wconf 92' lang='lat' dir='ltr'>nisi</span> <span class='ocrx_word' id='word_1_88' title='bbox 803 1188 904 1248; x_wconf 91' lang='lat' dir='ltr'>iussus</span> <span class='ocrx_word' id='word_1_89' title='bbox 933 1189 1037 1249; x_wconf 88' lang='lat' dir='ltr'>iniret:</span> <span class='ocrx_word' id='word_1_90' title='bbox 1076 1189 1223 1250; x_wconf 89' lang='lat' dir='ltr'>stationes</span> <span class='ocrx_word' id='word_1_91' title='bbox 1237 1200 1263 1248; x_wconf 89' lang='lat'>10</span> 
     </span>
     <span class='ocr_line' id='line_1_12' title="bbox 157 1270 1223 1350; baseline 0 -15"><span class='ocrx_word' id='word_1_92' title='bbox 157 1273 291 1350; x_wconf 86' lang='lat' dir='ltr'>vigiliae,</span> <span class='ocrx_word' id='word_1_93' title='bbox 329 1272 434 1331; x_wconf 91' lang='lat' dir='ltr'>diurna</span> <span class='ocrx_word' id='word_1_94' title='bbox 470 1280 674 1349; x_wconf 89' lang='lat' dir='ltr'>nocturnaque</span> <span class='ocrx_word' id='word_1_95' title='bbox 707 1270 808 1330; x_wconf 92' lang='lat' dir='ltr'>munia</span> <span class='ocrx_word' id='word_1_96' title='bbox 841 1271 871 1331; x_wconf 90' lang='lat' dir='ltr'>in</span> <span class='ocrx_word' id='word_1_97' title='bbox 900 1272 990 1332; x_wconf 87' lang='lat' dir='ltr'>armis</span> <span class='ocrx_word' id='word_1_98' title='bbox 1022 1273 1223 1350; x_wconf 86' lang='lat' dir='ltr'>agitabantur.</span> 
     </span>
     <span class='ocr_line' id='line_1_13' title="bbox 156 1355 1225 1437; baseline 0.002 -20"><span class='ocrx_word' id='word_1_99' title='bbox 156 1358 328 1434; x_wconf 85' lang='lat' dir='ltr'>Feruntque</span> <span class='ocrx_word' id='word_1_100' title='bbox 364 1355 504 1427; x_wconf 88' lang='lat' dir='ltr'>militem,</span> <span class='ocrx_word' id='word_1_101' title='bbox 553 1355 622 1436; x_wconf 88' lang='lat' dir='ltr'>quia</span> <span class='ocrx_word' id='word_1_102' title='bbox 664 1355 773 1414; x_wconf 91' lang='lat' dir='ltr'>vallum</span> <span class='ocrx_word' id='word_1_103' title='bbox 817 1374 877 1417; x_wconf 93' lang='lat' dir='ltr'>non</span> <span class='ocrx_word' id='word_1_104' title='bbox 914 1357 1090 1429; x_wconf 81' lang='lat' dir='ltr'>accinctus,</span> <span class='ocrx_word' id='word_1_105' title='bbox 1134 1366 1225 1437; x_wconf 88' lang='lat' dir='ltr'>atquc</span> 
     </span>
     <span class='ocr_line' id='line_1_14' title="bbox 156 1436 1223 1520; baseline 0.002 -20"><span class='ocrx_word' id='word_1_106' title='bbox 156 1440 262 1511; x_wconf 90' lang='lat' dir='ltr'>alium,</span> <span class='ocrx_word' id='word_1_107' title='bbox 298 1438 367 1517; x_wconf 91' lang='lat' dir='ltr'>quia</span> <span class='ocrx_word' id='word_1_108' title='bbox 390 1439 520 1518; x_wconf 80' lang='lat' dir='ltr'>pugione</span> <span class='ocrx_word' id='word_1_109' title='bbox 550 1436 663 1499; x_wconf 86' lang='lat' dir='ltr'>tantum</span> <span class='ocrx_word' id='word_1_110' title='bbox 693 1439 846 1500; x_wconf 87' lang='lat' dir='ltr'>accinctus</span> <span class='ocrx_word' id='word_1_111' title='bbox 876 1441 1006 1512; x_wconf 80' lang='lat' dir='ltr'>foderet,</span> <span class='ocrx_word' id='word_1_112' title='bbox 1041 1449 1135 1501; x_wconf 90' lang='lat' dir='ltr'>morte</span> <span class='ocrx_word' id='word_1_113' title='bbox 1166 1461 1223 1520; x_wconf 92' lang='lat' dir='ltr'>pu-</span> 
     </span>
     <span class='ocr_line' id='line_1_15' title="bbox 156 1524 1222 1602; baseline 0.002 -18"><span class='ocrx_word' id='word_1_114' title='bbox 156 1525 248 1584; x_wconf 91' lang='lat' dir='ltr'>nitos.</span> <span class='ocrx_word' id='word_1_115' title='bbox 300 1524 383 1594; x_wconf 87' lang='lat' dir='ltr'>Quae</span> <span class='ocrx_word' id='word_1_116' title='bbox 406 1524 515 1598; x_wconf 90' lang='lat' dir='ltr'>nimia,</span> <span class='ocrx_word' id='word_1_117' title='bbox 549 1531 578 1583; x_wconf 86' lang='lat' dir='ltr'>et</span> <span class='ocrx_word' id='word_1_118' title='bbox 605 1525 752 1583; x_wconf 87' lang='lat' dir='ltr'>incertum</span> <span class='ocrx_word' id='word_1_119' title='bbox 774 1542 811 1582; x_wconf 93' lang='lat' dir='ltr'>an</span> <span class='ocrx_word' id='word_1_120' title='bbox 844 1524 924 1583; x_wconf 85' lang='lat' dir='ltr'>falso·</span> <span class='ocrx_word' id='word_1_121' title='bbox 950 1525 1043 1596; x_wconf 88' lang='lat' dir='ltr'>iacta,</span> <span class='ocrx_word' id='word_1_122' title='bbox 1073 1525 1222 1602; x_wconf 86' lang='lat' dir='ltr'>originem</span> 
     </span>
     <span class='ocr_line' id='line_1_16' title="bbox 155 1607 1261 1686; baseline 0 -17"><span class='ocrx_word' id='word_1_123' title='bbox 155 1616 256 1669; x_wconf 88' lang='lat' dir='ltr'>tamen</span> <span class='ocrx_word' id='word_1_124' title='bbox 289 1626 305 1666; x_wconf 97' lang='grc'>3</span> <span class='ocrx_word' id='word_1_125' title='bbox 340 1607 498 1668; x_wconf 88' lang='lat' dir='ltr'>severitate</span> <span class='ocrx_word' id='word_1_126' title='bbox 532 1608 617 1668; x_wconf 91' lang='lat' dir='ltr'>ducis</span> <span class='ocrx_word' id='word_1_127' title='bbox 650 1616 801 1682; x_wconf 70' lang='lat' dir='ltr'>haerere,</span> <span class='ocrx_word' id='word_1_128' title='bbox 849 1609 1054 1686; x_wconf 88' lang='lat' dir='ltr'>intentumque</span> <span class='ocrx_word' id='word_1_129' title='bbox 1092 1619 1121 1669; x_wconf 85' lang='lat' dir='ltr'>et</span> <span class='ocrx_word' id='word_1_130' title='bbox 1157 1630 1221 1672; x_wconf 86' lang='lat' dir='ltr'>ma·</span> <span class='ocrx_word' id='word_1_131' title='bbox 1234 1622 1261 1670; x_wconf 84' lang='lat'>15</span> 
     </span>
     <span class='ocr_line' id='line_1_17' title="bbox 158 1691 1223 1771; baseline 0.002 -19"><span class='ocrx_word' id='word_1_132' title='bbox 158 1692 224 1770; x_wconf 90' lang='lat' dir='ltr'>gnis</span> <span class='ocrx_word' id='word_1_133' title='bbox 262 1691 380 1751; x_wconf 87' lang='lat' dir='ltr'>delictis</span> <span class='ocrx_word' id='word_1_134' title='bbox 424 1692 636 1753; x_wconf 84' lang='lat' dir='ltr'>inexorabilem</span> <span class='ocrx_word' id='word_1_135' title='bbox 681 1692 774 1763; x_wconf 87' lang='lat' dir='ltr'>scias,</span> <span class='ocrx_word' id='word_1_136' title='bbox 813 1693 861 1752; x_wconf 90' lang='lat' dir='ltr'>oui</span> <span class='ocrx_word' id='word_1_137' title='bbox 901 1701 1012 1753; x_wconf 89' lang='lat' dir='ltr'>tantum</span> <span class='ocrx_word' id='word_1_138' title='bbox 1046 1694 1223 1771; x_wconf 87' lang='lat' dir='ltr'>asperitatis</span> 
     </span>
    </p>

    <p class='ocr_par' dir='ltr' id='par_1_4' title="bbox 107 1776 1262 2276">
     <span class='ocr_line' id='line_1_18' title="bbox 107 1776 1221 1851; baseline -0.002 -11"><span class='ocrx_word' id='word_1_139' title='bbox 107 1776 244 1851; x_wconf 81' lang='grc'><strong>19331333</strong></span> <span class='ocrx_word' id='word_1_140' title='bbox 269 1776 410 1836; x_wconf 89' lang='lat' dir='ltr'>adversus</span> <span class='ocrx_word' id='word_1_141' title='bbox 432 1776 507 1836; x_wconf 89' lang='lat' dir='ltr'>levia</span> <span class='ocrx_word' id='word_1_142' title='bbox 532 1776 719 1837; x_wconf 85' lang='lat' dir='ltr'>credebatur.</span> <span class='ocrx_word' id='word_1_143' title='bbox 748 1777 912 1841; x_wconf 35' lang='lat' dir='ltr'>,Ceterum</span> <span class='ocrx_word' id='word_1_144' title='bbox 941 1777 966 1837; x_wconf 91' lang='lat' dir='ltr'>is</span> <span class='ocrx_word' id='word_1_145' title='bbox 990 1788 1087 1836; x_wconf 87' lang='lat' dir='ltr'>terror</span> <span class='ocrx_word' id='word_1_146' title='bbox 1110 1778 1221 1838; x_wconf 88' lang='lat' dir='ltr'>milites</span> 
     </span>
     <span class='ocr_line' id='line_1_19' title="bbox 154 1854 1222 1939; baseline -0.001 -17"><span class='ocrx_word' id='word_1_147' title='bbox 154 1862 318 1939; x_wconf 83' lang='lat' dir='ltr'>hostesque</span> <span class='ocrx_word' id='word_1_148' title='bbox 340 1861 371 1920; x_wconf 92' lang='lat' dir='ltr'>in</span> <span class='ocrx_word' id='word_1_149' title='bbox 395 1860 543 1921; x_wconf 90' lang='lat' dir='ltr'>diversum</span> <span class='ocrx_word' id='word_1_150' title='bbox 567 1854 677 1920; x_wconf 66' lang='lat' dir='ltr'>alleo&#39;it.</span> <span class='ocrx_word' id='word_1_151' title='bbox 720 1859 783 1920; x_wconf 91' lang='lat' dir='ltr'>Nos</span> <span class='ocrx_word' id='word_1_152' title='bbox 804 1858 942 1921; x_wconf 86' lang='lat' dir='ltr'>virtutem</span> <span class='ocrx_word' id='word_1_153' title='bbox 960 1862 1129 1934; x_wconf 80' lang='grc'><strong>3333133333,</strong></span> <span class='ocrx_word' id='word_1_154' title='bbox 1152 1863 1222 1922; x_wconf 88' lang='lat' dir='ltr'>har-</span> 
     </span>
     <span class='ocr_line' id='line_1_20' title="bbox 155 1944 1223 2023; baseline -0.001 -16"><span class='ocrx_word' id='word_1_155' title='bbox 155 1945 221 2009; x_wconf 89' lang='lat' dir='ltr'>bari</span> <span class='ocrx_word' id='word_1_156' title='bbox 244 1946 386 2005; x_wconf 84' lang='lat' dir='ltr'>ferociam</span> <span class='ocrx_word' id='word_1_157' title='bbox 410 1946 568 2020; x_wconf 89' lang='lat' dir='ltr'>inlrogere.</span> <span class='ocrx_word' id='word_1_158' title='bbox 622 1944 658 2004; x_wconf 87' lang='lat' dir='ltr'>Et</span> <span class='ocrx_word' id='word_1_159' title='bbox 686 1944 768 2005; x_wconf 86' lang='lat' dir='ltr'>natio</span> <span class='ocrx_word' id='word_1_160' title='bbox 791 1944 955 2005; x_wconf 85' lang='lat' dir='ltr'>Frisiorum</span> <span class='ocrx_word' id='word_1_161' title='bbox 984 1955 1054 2023; x_wconf 89' lang='lat' dir='ltr'>post</span> <span class='ocrx_word' id='word_1_162' title='bbox 1080 1945 1223 2007; x_wconf 43' lang='lat' dir='ltr'>rebellio*</span> 
     </span>
     <span class='ocr_line' id='line_1_21' title="bbox 156 2029 1262 2106; baseline 0.001 -16"><span class='ocrx_word' id='word_1_163' title='bbox 156 2049 224 2090; x_wconf 88' lang='lat' dir='ltr'>nem</span> <span class='ocrx_word' id='word_1_164' title='bbox 248 2029 331 2090; x_wconf 89' lang='lat' dir='ltr'>clade</span> <span class='ocrx_word' id='word_1_165' title='bbox 354 2029 389 2089; x_wconf 87' lang='lat' dir='ltr'>L.</span> <span class='ocrx_word' id='word_1_166' title='bbox 411 2029 535 2106; x_wconf 81' lang='lat' dir='ltr'>Apronii</span> <span class='ocrx_word' id='word_1_167' title='bbox 566 2036 702 2106; x_wconf 86' lang='lat' dir='ltr'>coeptam</span> <span class='ocrx_word' id='word_1_168' title='bbox 725 2029 841 2088; x_wconf 79' lang='lat' dir='ltr'>infensa</span> <span class='ocrx_word' id='word_1_169' title='bbox 866 2038 916 2089; x_wconf 94' lang='lat' dir='ltr'>aut</span> <span class='ocrx_word' id='word_1_170' title='bbox 939 2030 1110 2102; x_wconf 86' lang='lat' dir='ltr'>malefida,</span> <span class='ocrx_word' id='word_1_171' title='bbox 1142 2031 1262 2091; x_wconf 77' lang='lat' dir='ltr'>datisto</span> 
     </span>
     <span class='ocr_line' id='line_1_22' title="bbox 156 2111 1221 2193; baseline 0.002 -20"><span class='ocrx_word' id='word_1_172' title='bbox 156 2114 313 2174; x_wconf 89' lang='lat' dir='ltr'>obsidibus</span> <span class='ocrx_word' id='word_1_173' title='bbox 337 2111 475 2172; x_wconf 88' lang='lat' dir='ltr'>consedit</span> <span class='ocrx_word' id='word_1_174' title='bbox 496 2113 575 2191; x_wconf 92' lang='lat' dir='ltr'>apud</span> <span class='ocrx_word' id='word_1_175' title='bbox 600 2131 688 2189; x_wconf 89' lang='lat' dir='ltr'>agros</span> <span class='ocrx_word' id='word_1_176' title='bbox 711 2112 912 2174; x_wconf 87' lang='lat' dir='ltr'>aGorbulone</span> <span class='ocrx_word' id='word_1_177' title='bbox 928 2114 1107 2193; x_wconf 86' lang='lat' dir='ltr'>descriptos.</span> <span class='ocrx_word' id='word_1_178' title='bbox 1136 2115 1221 2175; x_wconf 91' lang='lat' dir='ltr'>Idem</span> 
     </span>
     <span class='ocr_line' id='line_1_23' title="bbox 156 2195 1221 2276; baseline 0 -18"><span class='ocrx_word' id='word_1_179' title='bbox 156 2206 292 2257; x_wconf 91' lang='lat' dir='ltr'>senatum</span> <span class='ocrx_word' id='word_1_180' title='bbox 315 2195 506 2271; x_wconf 87' lang='lat' dir='ltr'>magistratus</span> <span class='ocrx_word' id='word_1_181' title='bbox 530 2198 611 2273; x_wconf 87' lang='lat' dir='ltr'>leges</span> <span class='ocrx_word' id='word_1_182' title='bbox 634 2197 777 2276; x_wconf 86' lang='lat' dir='ltr'>inposuit.</span> <span class='ocrx_word' id='word_1_183' title='bbox 832 2199 875 2256; x_wconf 79' lang='lat' dir='ltr'>Ac</span> <span class='ocrx_word' id='word_1_184' title='bbox 897 2216 934 2259; x_wconf 89' lang='lat' dir='ltr'>ne</span> <span class='ocrx_word' id='word_1_185' title='bbox 964 2198 1044 2259; x_wconf 90' lang='lat' dir='ltr'>iussa</span> <span class='ocrx_word' id='word_1_186' title='bbox 1068 2209 1221 2271; x_wconf 83' lang='lat' dir='ltr'>exuerent,</span> 
     </span>
    </p>

    <p class='ocr_par' dir='ltr' id='par_1_5' title="bbox 112 2279 1261 2699">
     <span class='ocr_line' id='line_1_24' title="bbox 112 2279 1223 2360; baseline 0.003 -20"><span class='ocrx_word' id='word_1_187' title='bbox 112 2289 115 2292; x_wconf 77' lang='grc'>’</span> <span class='ocrx_word' id='word_1_188' title='bbox 154 2279 337 2359; x_wconf 89' lang='lat' dir='ltr'>praesidium</span> <span class='ocrx_word' id='word_1_189' title='bbox 361 2279 538 2353; x_wconf 73' lang='lat' dir='ltr'>immnnivb,</span> <span class='ocrx_word' id='word_1_190' title='bbox 566 2281 667 2341; x_wconf 91' lang='lat' dir='ltr'>missis</span> <span class='ocrx_word' id='word_1_191' title='bbox 691 2280 740 2360; x_wconf 82' lang='lat' dir='ltr'>qui</span> <span class='ocrx_word' id='word_1_192' title='bbox 763 2280 894 2342; x_wconf 90' lang='lat' dir='ltr'>maiores</span> <span class='ocrx_word' id='word_1_193' title='bbox 917 2282 1052 2343; x_wconf 86' lang='lat' dir='ltr'>Chaucos</span> <span class='ocrx_word' id='word_1_194' title='bbox 1075 2282 1223 2349; x_wconf 87' lang='lat' dir='ltr'>addedi-</span> 
     </span>
     <span class='ocr_line' id='line_1_25' title="bbox 156 2362 1223 2445; baseline 0.003 -21"><span class='ocrx_word' id='word_1_195' title='bbox 156 2364 267 2424; x_wconf 89' lang='lat' dir='ltr'>tionem</span> <span class='ocrx_word' id='word_1_196' title='bbox 304 2362 494 2441; x_wconf 89' lang='lat' dir='ltr'>pellicerent,</span> <span class='ocrx_word' id='word_1_197' title='bbox 533 2365 622 2425; x_wconf 81' lang='lat' dir='ltr'>simul</span> <span class='ocrx_word' id='word_1_198' title='bbox 654 2366 841 2425; x_wconf 86' lang='lat' dir='ltr'>Gannascum</span> <span class='ocrx_word' id='word_1_199' title='bbox 876 2366 945 2426; x_wconf 96' lang='lat' dir='ltr'>dolo</span> <span class='ocrx_word' id='word_1_200' title='bbox 980 2368 1223 2445; x_wconf 87' lang='lat' dir='ltr'>aggrederentur.</span> 
     </span>
     <span class='ocr_line' id='line_1_26' title="bbox 155 2447 1261 2529; baseline 0.003 -21"><span class='ocrx_word' id='word_1_201' title='bbox 155 2448 217 2508; x_wconf 88' lang='lat' dir='ltr'>Nec</span> <span class='ocrx_word' id='word_1_202' title='bbox 241 2447 342 2507; x_wconf 87' lang='lat' dir='ltr'>irritae</span> <span class='ocrx_word' id='word_1_203' title='bbox 365 2459 416 2508; x_wconf 87' lang='lat' dir='ltr'>aut</span> <span class='ocrx_word' id='word_1_204' title='bbox 437 2450 601 2527; x_wconf 88' lang='lat' dir='ltr'>degeneres</span> <span class='ocrx_word' id='word_1_205' title='bbox 625 2449 751 2510; x_wconf 89' lang='lat' dir='ltr'>insidiae</span> <span class='ocrx_word' id='word_1_206' title='bbox 775 2450 859 2511; x_wconf 87' lang='lat' dir='ltr'>luere</span> <span class='ocrx_word' id='word_1_207' title='bbox 875 2451 1017 2512; x_wconf 87' lang='lat' dir='ltr'>adversus</span> <span class='ocrx_word' id='word_1_208' title='bbox 1040 2453 1261 2529; x_wconf 78' lang='lat' dir='ltr'>transfugam25</span> 
     </span>
     <span class='ocr_line' id='line_1_27' title="bbox 156 2531 1220 2597; baseline 0.006 -7"><span class='ocrx_word' id='word_1_209' title='bbox 156 2539 187 2591; x_wconf 87' lang='lat' dir='ltr'>et</span> <span class='ocrx_word' id='word_1_210' title='bbox 207 2531 380 2591; x_wconf 89' lang='lat' dir='ltr'>violatorem</span> <span class='ocrx_word' id='word_1_211' title='bbox 405 2533 485 2594; x_wconf 88' lang='lat' dir='ltr'>fidei.</span> <span class='ocrx_word' id='word_1_212' title='bbox 526 2535 583 2597; x_wconf 88' lang='lat' dir='ltr'>Sed</span> <span class='ocrx_word' id='word_1_213' title='bbox 609 2534 699 2593; x_wconf 90' lang='lat' dir='ltr'>caede</span> <span class='ocrx_word' id='word_1_214' title='bbox 722 2534 786 2594; x_wconf 90' lang='lat' dir='ltr'>eius</span> <span class='ocrx_word' id='word_1_215' title='bbox 810 2543 908 2595; x_wconf 91' lang='lat' dir='ltr'>motae</span> <span class='ocrx_word' id='word_1_216' title='bbox 926 2536 1112 2597; x_wconf 89' lang='lat' dir='ltr'>Chaucorum</span> <span class='ocrx_word' id='word_1_217' title='bbox 1135 2555 1220 2596; x_wconf 89' lang='lat' dir='ltr'>men-</span> 
     </span>
     <span class='ocr_line' id='line_1_28' title="bbox 154 2616 1222 2699; baseline 0.005 -24"><span class='ocrx_word' id='word_1_218' title='bbox 154 2623 215 2685; x_wconf 86' lang='lat' dir='ltr'>tes,</span> <span class='ocrx_word' id='word_1_219' title='bbox 240 2625 269 2676; x_wconf 88' lang='lat' dir='ltr'>et</span> <span class='ocrx_word' id='word_1_220' title='bbox 291 2616 420 2677; x_wconf 85' lang='lat' dir='ltr'>Corbulo</span> <span class='ocrx_word' id='word_1_221' title='bbox 444 2618 557 2679; x_wconf 91' lang='lat' dir='ltr'>semina</span> <span class='ocrx_word' id='word_1_222' title='bbox 583 2617 755 2678; x_wconf 85' lang='lat' dir='ltr'>rebellionis</span> <span class='ocrx_word' id='word_1_223' title='bbox 777 2620 955 2698; x_wconf 88' lang='lat' dir='ltr'>praebebat,</span> <span class='ocrx_word' id='word_1_224' title='bbox 990 2630 1023 2680; x_wconf 87' lang='lat' dir='ltr'>ut</span> <span class='ocrx_word' id='word_1_225' title='bbox 1043 2620 1120 2679; x_wconf 86' lang='lat' dir='ltr'>laeta</span> <span class='ocrx_word' id='word_1_226' title='bbox 1143 2621 1222 2699; x_wconf 89' lang='lat' dir='ltr'>apud</span> 
     </span>
    </p>
   </div>
   <div class='ocr_carea' id='block_1_3' title="bbox 104 2751 1225 3954">
    <p class='ocr_par' dir='ltr' id='par_1_6' title="bbox 152 2751 1224 3087">
     <span class='ocr_line' id='line_1_29' title="bbox 186 2751 1203 2819; baseline 0 -19"><span class='ocrx_word' id='word_1_227' title='bbox 186 2751 210 2800; x_wconf 87' lang='lat'>8.</span> <span class='ocrx_word' id='word_1_228' title='bbox 237 2752 659 2819; x_wconf 61' lang='grc'><strong>3333333331333333333333.</strong></span> <span class='ocrx_word' id='word_1_229' title='bbox 748 2754 789 2804; x_wconf 88' lang='lat'>20.</span> <span class='ocrx_word' id='word_1_230' title='bbox 808 2753 883 2803; x_wconf 85' lang='lat' dir='ltr'>clodo</span> <span class='ocrx_word' id='word_1_231' title='bbox 899 2751 930 2802; x_wconf 86' lang='lat' dir='ltr'>L.</span> <span class='ocrx_word' id='word_1_232' title='bbox 948 2752 1072 2818; x_wconf 79' lang='lat' dir='ltr'>Apronii.</span> <span class='ocrx_word' id='word_1_233' title='bbox 1097 2752 1140 2804; x_wconf 85' lang='lat' dir='ltr'>lV.</span> <span class='ocrx_word' id='word_1_234' title='bbox 1162 2755 1203 2804; x_wconf 76' lang='lat'>72.</span> 
     </span>
     <span class='ocr_line' id='line_1_30' title="bbox 153 2815 1066 2885; baseline 0.001 -18"><span class='ocrx_word' id='word_1_235' title='bbox 153 2815 223 2867; x_wconf 90' lang='lat' dir='ltr'>Xlll.</span> <span class='ocrx_word' id='word_1_236' title='bbox 244 2819 276 2868; x_wconf 83' lang='lat'>33</span> <span class='ocrx_word' id='word_1_237' title='bbox 296 2819 361 2867; x_wconf 83' lang='lat' dir='ltr'>loeti</span> <span class='ocrx_word' id='word_1_238' title='bbox 373 2819 478 2882; x_wconf 84' lang='lat' dir='ltr'>proedo</span> <span class='ocrx_word' id='word_1_239' title='bbox 503 2825 529 2869; x_wconf 89' lang='grc'>33</span> <span class='ocrx_word' id='word_1_240' title='bbox 546 2820 662 2869; x_wconf 76' lang='grc'><strong>3311333333</strong></span> <span class='ocrx_word' id='word_1_241' title='bbox 750 2822 791 2871; x_wconf 87' lang='lat'>21.</span> <span class='ocrx_word' id='word_1_242' title='bbox 813 2821 892 2885; x_wconf 82' lang='lat' dir='ltr'>apud,</span> <span class='ocrx_word' id='word_1_243' title='bbox 912 2820 961 2869; x_wconf 90' lang='lat' dir='ltr'>wie</span> <span class='ocrx_word' id='word_1_244' title='bbox 983 2836 1005 2869; x_wconf 91' lang='lat' dir='ltr'>c.</span> <span class='ocrx_word' id='word_1_245' title='bbox 1028 2823 1066 2872; x_wconf 88' lang='lat'>16.</span> 
     </span>
     <span class='ocr_line' id='line_1_31' title="bbox 152 2884 1224 2948; baseline 0.002 -14"><span class='ocrx_word' id='word_1_246' title='bbox 152 2900 251 2948; x_wconf 79' lang='lat' dir='ltr'>regnes.</span> <span class='ocrx_word' id='word_1_247' title='bbox 270 2884 383 2935; x_wconf 84' lang='lat' dir='ltr'>XVl.14</span> <span class='ocrx_word' id='word_1_248' title='bbox 402 2889 572 2936; x_wconf 79' lang='lat' dir='ltr'>occasionum</span> <span class='ocrx_word' id='word_1_249' title='bbox 590 2885 664 2936; x_wconf 82' lang='grc'><strong>133331</strong></span> <span class='ocrx_word' id='word_1_250' title='bbox 748 2890 790 2938; x_wconf 83' lang='grc'>23.</span> <span class='ocrx_word' id='word_1_251' title='bbox 816 2889 968 2936; x_wconf 76' lang='grc'><strong>3333333333</strong></span> <span class='ocrx_word' id='word_1_252' title='bbox 995 2912 1031 2931; x_wconf 84' lang='grc'>.--</span> <span class='ocrx_word' id='word_1_253' title='bbox 1056 2887 1162 2937; x_wconf 89' lang='lat' dir='ltr'>munivit</span> <span class='ocrx_word' id='word_1_254' title='bbox 1197 2888 1224 2936; x_wconf 91' lang='lat' dir='ltr'>in</span> 
     </span>
     <span class='ocr_line' id='line_1_32' title="bbox 152 2950 1223 3018; baseline 0.005 -17"><span class='ocrx_word' id='word_1_255' title='bbox 152 2954 248 3015; x_wconf 76' lang='lat' dir='ltr'>segnis.</span> <span class='ocrx_word' id='word_1_256' title='bbox 277 2950 319 2999; x_wconf 93' lang='lat' dir='ltr'>lll.</span> <span class='ocrx_word' id='word_1_257' title='bbox 347 2954 378 3002; x_wconf 85' lang='lat'>18</span> <span class='ocrx_word' id='word_1_258' title='bbox 403 2955 518 3018; x_wconf 76' lang='lat' dir='ltr'>impiger</span> <span class='ocrx_word' id='word_1_259' title='bbox 541 2955 660 3004; x_wconf 83' lang='lat' dir='ltr'>militiae.</span> <span class='ocrx_word' id='word_1_260' title='bbox 714 2953 811 3010; x_wconf 85' lang='lat' dir='ltr'>Frisiis,</span> <span class='ocrx_word' id='word_1_261' title='bbox 837 2953 885 3002; x_wconf 84' lang='lat' dir='ltr'>‘hei</span> <span class='ocrx_word' id='word_1_262' title='bbox 904 2953 992 3001; x_wconf 86' lang='lat' dir='ltr'>ihnen&#39;.</span> <span class='ocrx_word' id='word_1_263' title='bbox 1032 2954 1101 3003; x_wconf 89' lang='lat' dir='ltr'>Suet.</span> <span class='ocrx_word' id='word_1_264' title='bbox 1112 2953 1168 3004; x_wconf 88' lang='lat' dir='ltr'>Tib.</span> <span class='ocrx_word' id='word_1_265' title='bbox 1191 2957 1223 3006; x_wconf 81' lang='lat'>39</span> 
     </span>
     <span class='ocr_line' id='line_1_33' title="bbox 153 3018 1224 3087; baseline 0.004 -20"><span class='ocrx_word' id='word_1_266' title='bbox 153 3018 209 3067; x_wconf 91' lang='lat' dir='ltr'>H.l.</span> <span class='ocrx_word' id='word_1_267' title='bbox 220 3020 251 3066; x_wconf 83' lang='grc'>81</span> <span class='ocrx_word' id='word_1_268' title='bbox 270 3019 391 3067; x_wconf 81' lang='lat' dir='ltr'>orbonae</span> <span class='ocrx_word' id='word_1_269' title='bbox 407 3022 521 3072; x_wconf 80' lang='lat' dir='ltr'>militiae</span> <span class='ocrx_word' id='word_1_270' title='bbox 539 3025 660 3087; x_wconf 78' lang='lat' dir='ltr'>impiger.</span> <span class='ocrx_word' id='word_1_271' title='bbox 714 3024 743 3070; x_wconf 84' lang='lat' dir='ltr'>in</span> <span class='ocrx_word' id='word_1_272' title='bbox 759 3022 910 3086; x_wconf 77' lang='lat' dir='ltr'>praetorto,</span> <span class='ocrx_word' id='word_1_273' title='bbox 937 3023 982 3068; x_wconf 83' lang='lat' dir='ltr'>oui</span> <span class='ocrx_word' id='word_1_274' title='bbox 999 3020 1148 3084; x_wconf 79' lang='lat' dir='ltr'>Speluncae</span> <span class='ocrx_word' id='word_1_275' title='bbox 1176 3038 1224 3072; x_wconf 87' lang='grc'>33-</span> 
     </span>
    </p>

    <p class='ocr_par' dir='ltr' id='par_1_7' title="bbox 188 3087 1224 3152">
     <span class='ocr_line' id='line_1_34' title="bbox 188 3087 1224 3152; baseline 0.004 -18"><span class='ocrx_word' id='word_1_276' title='bbox 188 3087 226 3136; x_wconf 89' lang='lat'>10.</span> <span class='ocrx_word' id='word_1_277' title='bbox 245 3087 372 3135; x_wconf 81' lang='grc'><strong>3333333333</strong></span> <span class='ocrx_word' id='word_1_278' title='bbox 386 3089 503 3152; x_wconf 81' lang='lat' dir='ltr'>vigiliae.</span> <span class='ocrx_word' id='word_1_279' title='bbox 515 3089 540 3138; x_wconf 88' lang='lat' dir='ltr'>S.</span> <span class='ocrx_word' id='word_1_280' title='bbox 550 3088 607 3138; x_wconf 87' lang='lat' dir='ltr'>zul.</span> <span class='ocrx_word' id='word_1_281' title='bbox 618 3090 659 3139; x_wconf 80' lang='lat'>28.</span> <span class='ocrx_word' id='word_1_282' title='bbox 713 3103 773 3136; x_wconf 85' lang='lat' dir='ltr'>mon</span> <span class='ocrx_word' id='word_1_283' title='bbox 792 3091 837 3146; x_wconf 79' lang='lat' dir='ltr'>ort,</span> <span class='ocrx_word' id='word_1_284' title='bbox 859 3089 1016 3135; x_wconf 82' lang='grc'><strong>3333333333</strong></span> <span class='ocrx_word' id='word_1_285' title='bbox 1034 3104 1064 3135; x_wconf 90' lang='grc'>33</span> <span class='ocrx_word' id='word_1_286' title='bbox 1083 3090 1224 3152; x_wconf 79' lang='grc'><strong>3333313333</strong></span> 
     </span>
    </p>

    <p class='ocr_par' dir='ltr' id='par_1_8' title="bbox 151 3152 1225 3557">
     <span class='ocr_line' id='line_1_35' title="bbox 188 3152 1225 3218; baseline 0.004 -17"><span class='ocrx_word' id='word_1_287' title='bbox 188 3153 227 3201; x_wconf 91' lang='lat'>12.</span> <span class='ocrx_word' id='word_1_288' title='bbox 246 3152 345 3202; x_wconf 83' lang='grc'><strong>3311333</strong></span> <span class='ocrx_word' id='word_1_289' title='bbox 355 3154 448 3214; x_wconf 78' lang='lat' dir='ltr'>fodero</span> <span class='ocrx_word' id='word_1_290' title='bbox 465 3153 543 3206; x_wconf 85' lang='lat' dir='ltr'>heisst</span> <span class='ocrx_word' id='word_1_291' title='bbox 555 3157 595 3205; x_wconf 90' lang='lat' dir='ltr'>die</span> <span class='ocrx_word' id='word_1_292' title='bbox 606 3170 662 3204; x_wconf 92' lang='lat' dir='ltr'>zum</span> <span class='ocrx_word' id='word_1_293' title='bbox 714 3159 741 3202; x_wconf 84' lang='grc'>33</span> <span class='ocrx_word' id='word_1_294' title='bbox 756 3155 878 3215; x_wconf 79' lang='lat' dir='ltr'>ingentio</span> <span class='ocrx_word' id='word_1_295' title='bbox 895 3167 963 3201; x_wconf 79' lang='grc'><strong>3333</strong></span> <span class='ocrx_word' id='word_1_296' title='bbox 979 3154 1095 3213; x_wconf 77' lang='lat' dir='ltr'>fortuito</span> <span class='ocrx_word' id='word_1_297' title='bbox 1108 3172 1225 3218; x_wconf 79' lang='lat' dir='ltr'>superne</span> 
     </span>
     <span class='ocr_line' id='line_1_36' title="bbox 152 3216 1225 3284; baseline 0.006 -18"><span class='ocrx_word' id='word_1_298' title='bbox 152 3216 224 3267; x_wconf 89' lang='lat' dir='ltr'>Wall</span> <span class='ocrx_word' id='word_1_299' title='bbox 250 3220 350 3283; x_wconf 83' lang='lat' dir='ltr'>ndthige</span> <span class='ocrx_word' id='word_1_300' title='bbox 369 3222 437 3271; x_wconf 82' lang='lat' dir='ltr'>Erde</span> <span class='ocrx_word' id='word_1_301' title='bbox 463 3223 658 3284; x_wconf 84' lang='lat' dir='ltr'>herousgrahen,</span> <span class='ocrx_word' id='word_1_302' title='bbox 714 3219 822 3282; x_wconf 81' lang='lat' dir='ltr'>delapsa</span> <span class='ocrx_word' id='word_1_303' title='bbox 848 3223 918 3267; x_wconf 84' lang='grc'><strong>33333.</strong></span> <span class='ocrx_word' id='word_1_304' title='bbox 967 3218 1059 3268; x_wconf 88' lang='lat' dir='ltr'>Dieser</span> <span class='ocrx_word' id='word_1_305' title='bbox 1088 3221 1225 3273; x_wconf 87' lang='lat' dir='ltr'>Gehrauch</span> 
     </span>
     <span class='ocr_line' id='line_1_37' title="bbox 151 3284 1222 3346; baseline 0.005 -12"><span class='ocrx_word' id='word_1_306' title='bbox 151 3286 202 3335; x_wconf 88' lang='lat' dir='ltr'>wie</span> <span class='ocrx_word' id='word_1_307' title='bbox 220 3287 321 3337; x_wconf 82' lang='lat' dir='ltr'>oollrcm</span> <span class='ocrx_word' id='word_1_308' title='bbox 340 3291 449 3338; x_wconf 83' lang='lat' dir='ltr'>caedere</span> <span class='ocrx_word' id='word_1_309' title='bbox 476 3291 516 3339; x_wconf 90' lang='lat' dir='ltr'>die</span> <span class='ocrx_word' id='word_1_310' title='bbox 535 3290 600 3339; x_wconf 90' lang='lat' dir='ltr'>dazu</span> <span class='ocrx_word' id='word_1_311' title='bbox 618 3291 661 3337; x_wconf 81' lang='lat' dir='ltr'>uo·</span> <span class='ocrx_word' id='word_1_312' title='bbox 699 3286 747 3346; x_wconf 44' lang='lat' dir='ltr'>,ist</span> <span class='ocrx_word' id='word_1_313' title='bbox 765 3284 1004 3335; x_wconf 87' lang='lat' dir='ltr'>demGriochisohen</span> <span class='ocrx_word' id='word_1_314' title='bbox 1020 3286 1139 3334; x_wconf 89' lang='lat' dir='ltr'>entlehnt.</span> <span class='ocrx_word' id='word_1_315' title='bbox 1151 3287 1222 3340; x_wconf 78' lang='lat' dir='ltr'>Xem</span> 
     </span>
     <span class='ocr_line' id='line_1_38' title="bbox 152 3345 1225 3420; baseline 0.011 -19"><span class='ocrx_word' id='word_1_316' title='bbox 152 3354 236 3416; x_wconf 87' lang='lat' dir='ltr'>thigen</span> <span class='ocrx_word' id='word_1_317' title='bbox 255 3355 342 3406; x_wconf 78' lang='lat' dir='ltr'>Plrihle</span> <span class='ocrx_word' id='word_1_318' title='bbox 361 3357 487 3417; x_wconf 82' lang='lat' dir='ltr'>schlagen.</span> <span class='ocrx_word' id='word_1_319' title='bbox 536 3355 588 3403; x_wconf 82' lang='lat' dir='ltr'>llos</span> <span class='ocrx_word' id='word_1_320' title='bbox 614 3354 661 3403; x_wconf 91' lang='lat' dir='ltr'>Ue·</span> <span class='ocrx_word' id='word_1_321' title='bbox 715 3345 1225 3420; x_wconf 64' lang='grc' dir='ltr'><strong>0333111.1.2ἵὲξέσῖίῦθι(ίρθῦρία</strong></span> 
     </span>
     <span class='ocr_line' id='line_1_39' title="bbox 151 3414 1224 3500; baseline -0.002 -30"><span class='ocrx_word' id='word_1_322' title='bbox 151 3420 222 3484; x_wconf 88' lang='lat' dir='ltr'>brige</span> <span class='ocrx_word' id='word_1_323' title='bbox 246 3418 343 3473; x_wconf 74' lang='lat' dir='ltr'>erkldrt</span> <span class='ocrx_word' id='word_1_324' title='bbox 366 3423 460 3487; x_wconf 84' lang='lat' dir='ltr'>loseph.</span> <span class='ocrx_word' id='word_1_325' title='bbox 492 3421 516 3471; x_wconf 83' lang='lat' dir='ltr'>b.</span> <span class='ocrx_word' id='word_1_326' title='bbox 541 3419 658 3469; x_wconf 82' lang='grc'><strong>13331.111;</strong></span> <span class='ocrx_word' id='word_1_327' title='bbox 713 3414 873 3500; x_wconf 57' lang='grc' dir='ltr'>ἐντειχίζειν.</span> <span class='ocrx_word' id='word_1_328' title='bbox 902 3415 980 3466; x_wconf 84' lang='grc' dir='ltr'><strong>Τ13333.</strong></span> <span class='ocrx_word' id='word_1_329' title='bbox 1001 3417 1018 3472; x_wconf 82' lang='grc'>1,</span> <span class='ocrx_word' id='word_1_330' title='bbox 1042 3416 1224 3487; x_wconf 70' lang='grc' dir='ltr'><strong><em>ἳνεμόμενοι</em></strong></span> 
     </span>
     <span class='ocr_line' id='line_1_40' title="bbox 152 3478 1201 3557; baseline -0.002 -16"><span class='ocrx_word' id='word_1_331' title='bbox 152 3491 216 3546; x_wconf 83' lang='lat'>5‚5:</span> <span class='ocrx_word' id='word_1_332' title='bbox 239 3486 266 3539; x_wconf 84' lang='grc' dir='ltr'>οἱ</span> <span class='ocrx_word' id='word_1_333' title='bbox 290 3488 366 3549; x_wconf 83' lang='grc' dir='ltr'><strong><em>πεζοὶ</em></strong></span> <span class='ocrx_word' id='word_1_334' title='bbox 383 3487 660 3556; x_wconf 75' lang='grc' dir='ltr'><strong><em>μαχαιροφοροῦντες</em></strong></span> <span class='ocrx_word' id='word_1_335' title='bbox 712 3481 746 3535; x_wconf 85' lang='grc' dir='ltr'>τὰ</span> <span class='ocrx_word' id='word_1_336' title='bbox 765 3484 855 3535; x_wconf 62' lang='lat' dir='ltr'>octbr</span> <span class='ocrx_word' id='word_1_337' title='bbox 872 3478 981 3535; x_wconf 75' lang='grc' dir='ltr'><strong><em>ἕκαστοι</em></strong></span> <span class='ocrx_word' id='word_1_338' title='bbox 999 3479 1067 3535; x_wconf 76' lang='grc' dir='ltr'><strong><em>ὅσον</em></strong></span> <span class='ocrx_word' id='word_1_339' title='bbox 1089 3482 1201 3557; x_wconf 65' lang='grc' dir='ltr'><strong><em>ἀποζῆν.</em></strong></span> 
     </span>
    </p>

    <p class='ocr_par' dir='ltr' id='par_1_9' title="bbox 104 3547 1223 3684">
     <span class='ocr_line' id='line_1_41' title="bbox 104 3547 1223 3684; baseline 0.002 -12"><span class='ocrx_word' id='word_1_340' title='bbox 104 3547 659 3684; x_wconf 70' lang='grc'><strong>-3333333333333·</strong></span> <span class='ocrx_word' id='word_1_341' title='bbox 711 3552 1048 3672; x_wconf 46' lang='lat' dir='ltr'>...thiaetmaro</span> <span class='ocrx_word' id='word_1_342' title='bbox 1061 3555 1144 3673; x_wconf 72' lang='lat' dir='ltr'>‘hc</span> <span class='ocrx_word' id='word_1_343' title='bbox 1158 3560 1223 3674; x_wconf 76' lang='lat' dir='ltr'>nr</span> 
     </span>
    </p>

    <p class='ocr_par' dir='ltr' id='par_1_10' title="bbox 147 3675 1220 3823">
     <span class='ocr_line' id='line_1_42' title="bbox 149 3675 1220 3758; baseline 0.002 -18"><span class='ocrx_word' id='word_1_344' title='bbox 149 3690 248 3758; x_wconf 79' lang='grc' dir='ltr'><strong><em>πολλῷ,</em></strong></span> <span class='ocrx_word' id='word_1_345' title='bbox 276 3687 308 3738; x_wconf 84' lang='grc' dir='ltr'>τὸ</span> <span class='ocrx_word' id='word_1_346' title='bbox 326 3684 381 3755; x_wconf 75' lang='grc' dir='ltr'>γὰρ</span> <span class='ocrx_word' id='word_1_347' title='bbox 398 3675 468 3734; x_wconf 69' lang='lat' dir='ltr'>notit</span> <span class='ocrx_word' id='word_1_348' title='bbox 487 3682 576 3743; x_wconf 77' lang='grc' dir='ltr'><em>δεξιόν</em></span> <span class='ocrx_word' id='word_1_349' title='bbox 595 3690 659 3754; x_wconf 82' lang='lat' dir='ltr'>(po-</span> <span class='ocrx_word' id='word_1_350' title='bbox 710 3704 787 3739; x_wconf 88' lang='lat' dir='ltr'>neren</span> <span class='ocrx_word' id='word_1_351' title='bbox 805 3691 921 3740; x_wconf 88' lang='lat' dir='ltr'>wohntcn</span> <span class='ocrx_word' id='word_1_352' title='bbox 940 3691 1065 3741; x_wconf 86' lang='lat' dir='ltr'>zwischen</span> <span class='ocrx_word' id='word_1_353' title='bbox 1084 3692 1143 3742; x_wconf 81' lang='lat' dir='ltr'>Erus</span> <span class='ocrx_word' id='word_1_354' title='bbox 1171 3695 1220 3743; x_wconf 92' lang='lat' dir='ltr'>und</span> 
     </span>
     <span class='ocr_line' id='line_1_43' title="bbox 147 3745 1107 3823; baseline 0.003 -17"><span class='ocrx_word' id='word_1_355' title='bbox 147 3745 656 3823; x_wconf 59' lang='lat' dir='ltr'>goonutoaptcodnttoatgapaxoa.</span> <span class='ocrx_word' id='word_1_356' title='bbox 710 3756 815 3807; x_wconf 88' lang='lat' dir='ltr'>Weser.</span> <span class='ocrx_word' id='word_1_357' title='bbox 852 3757 1107 3817; x_wconf 79' lang='grc' dir='ltr'><strong>Ρ331.11.11,11.1</strong></span> 
     </span>
    </p>

    <p class='ocr_par' dir='ltr' id='par_1_11' title="bbox 148 3821 1222 3954">
     <span class='ocr_line' id='line_1_44' title="bbox 180 3821 1222 3888; baseline 0.007 -18"><span class='ocrx_word' id='word_1_358' title='bbox 180 3821 227 3879; x_wconf 73' lang='lat'>111.</span> <span class='ocrx_word' id='word_1_359' title='bbox 251 3823 289 3871; x_wconf 80' lang='lat' dir='ltr'>1&#39;l.</span> <span class='ocrx_word' id='word_1_360' title='bbox 318 3823 341 3869; x_wconf 81' lang='lat' dir='ltr'>is</span> <span class='ocrx_word' id='word_1_361' title='bbox 360 3826 462 3884; x_wconf 82' lang='lat' dir='ltr'>terror,</span> <span class='ocrx_word' id='word_1_362' title='bbox 492 3822 539 3872; x_wconf 89' lang='lat' dir='ltr'>der</span> <span class='ocrx_word' id='word_1_363' title='bbox 564 3823 659 3876; x_wconf 80' lang='lat' dir='ltr'>Einlall</span> <span class='ocrx_word' id='word_1_364' title='bbox 745 3827 785 3876; x_wconf 82' lang='lat'>25.</span> <span class='ocrx_word' id='word_1_365' title='bbox 808 3824 949 3888; x_wconf 71' lang='lat' dir='ltr'>degeneres</span> <span class='ocrx_word' id='word_1_366' title='bbox 966 3826 1222 3878; x_wconf 71' lang='grc' dir='ltr'>ί33333131’.1’,133313133</span> 
     </span>
     <span class='ocr_line' id='line_1_45' title="bbox 148 3887 1030 3954; baseline 0.005 -16"><span class='ocrx_word' id='word_1_367' title='bbox 148 3890 192 3940; x_wconf 84' lang='lat' dir='ltr'>des</span> <span class='ocrx_word' id='word_1_368' title='bbox 210 3887 364 3943; x_wconf 79' lang='lat' dir='ltr'>Gannascus.</span> <span class='ocrx_word' id='word_1_369' title='bbox 710 3908 741 3942; x_wconf 89' lang='lat' dir='ltr'>zu</span> <span class='ocrx_word' id='word_1_370' title='bbox 758 3891 907 3954; x_wconf 86' lang='lat' dir='ltr'>hilligendes</span> <span class='ocrx_word' id='word_1_371' title='bbox 926 3893 1030 3944; x_wconf 86' lang='lat' dir='ltr'>Urtheil.</span> 
     </span>
    </p>
   </div>
   <div class='ocr_carea' id='block_1_4' title="bbox 0 0 1280 4350">
    <p class='ocr_par' dir='ltr' id='par_1_12' title="bbox 0 0 1280 4350">
     <span class='ocr_line' id='line_1_46' title="bbox 0 0 1280 4350; baseline 0 2"><span class='ocrx_word' id='word_1_372' title='bbox 0 0 1280 4350; x_wconf 95' lang='lat' dir='ltr'> </span> 
     </span>
    </p>
   </div>
  </div>
 </body>
</html>
