2550 4350
79 269 209 334 ,conen
280 267 322 317 aa
341 266 494 320 excussu
512 267 581 321 mvl
600 268 741 321 aucusrl
759 268 801 320 ιιι.
822 273 979 328 oneaooa
1026 264 1030 269 ’
1094 263 1154 325 197

79 424 152 487 dem
174 420 263 481 Asiae
284 422 479 497 proconsule,
509 424 674 501 laetumque
697 423 726 483 ιιι
749 442 816 483 eum
841 432 962 485 senatus
985 425 1153 489 consultum
1207 437 1212 447 ‘

79 506 205 571 recitari
225 504 316 566 iubet
355 505 429 566 'lum
452 507 486 566 L.
501 506 641 568 Pisonem
664 507 840 568 sententiam
863 519 956 586 rogat.
1000 509 1051 568 llle
1073 510 1151 570 mul·
1253 558 1256 564 .

80 600 146 654 tum
171 592 208 652 de
230 589 383 650 elementia
405 589 547 669 principis
575 593 723 670 praelatus
752 610 826 670 aqua
853 601 941 671 atque
968 591 1028 670 igni
1052 592 1152 653 Silano

64 673 323 738 vinterdicendum
346 675 462 736 censuit
482 675 638 753 ipsumque
665 680 696 736 in
717 676 844 736 insulam
868 676 993 755 Gyarum
1016 676 1151 754 relegan-

53 762 169 824 odum.
215 759 324 819 Eadem
346 761 452 830 ceteri,
482 758 539 818 nisi
569 761 648 838 qnod
671 760 723 821 Cn.
746 759 888 821 Lentulus
916 760 1168 840 separandaiii«

80 845 146 907 lani
173 852 305 904 materna
335 841 417 904 bona.
442 845 563 921 [quippe
585 843 638 903 alia
660 840 782 922 parente
810 844 912 922 geniti]
943 845 1152 923 reddendaque

81 929 147 990 filio
175 927 265 999 dixit,
300 928 447 988 adnuente
470 927 601 987 Tiberio.
652 929 693 987 hd
723 928 879 989 Cornelius
903 929 1050 989 Dolabella
1082 929 1203 993 dum69

52 1074 56 1082 ,
80 1012 284 1075 adulationem
306 1011 422 1089 longius
443 1011 587 1089 sequitur,
610 1012 762 1090 increpitis
779 1013 811 1073 G.
827 1013 918 1073 Silani
941 1012 1073 1074 moribus
1097 1014 1151 1073 ad·

81 1097 160 1160 didit
181 1115 220 1156 ne
242 1095 306 1174 quis
335 1095 392 1155 vita
420 1095 585 1173 probrosus
617 1104 646 1156 et
672 1105 794 1176 opertus
822 1098 941 1158 inlamia
970 1097 1152 1176 provinciam

42 1181 262 1252 tosorliretur,
294 1180 381 1257 idqne
413 1179 552 1259 princeps
582 1180 763 1242 diiudicaret.
807 1181 878 1243 Nam
909 1201 924 1241 a
953 1182 1068 1259 legibus
1098 1181 1153 1242 de-

80 1268 158 1330 licta,
173 1263 288 1344 puniri:
317 1272 426 1342 quanto
450 1266 515 1326 lore
536 1265 637 1326 mitius
668 1267 697 1328 in
712 1267 826 1346 ipsos,
860 1266 964 1328 melius
988 1267 1017 1327 in
1042 1265 1153 1340 sooioS,

80 1349 234 1431 provideri
265 1366 302 1408 ne
330 1348 525 1426 peccaretur?
567 1350 730 1412 Adversum
758 1370 833 1429 qnae
865 1351 1006 1411 disseruit
1028 1351 1159 1412 Caesar:-

80 1435 149 1496 Non
181 1433 298 1511 quidem
327 1433 383 1492 sibi
410 1433 511 1510 ignara
546 1452 619 1512 quae
650 1436 687 1495 de
718 1435 818 1495 Silano
849 1436 1056 1513 vulgabanlur‚
1099 1433 1151 1495 sed

81 1537 144 1594 non
175 1536 211 1578 ex
243 1531 364 1578 rumore
398 1519 595 1579 statuendum.
648 1519 756 1579 Multos
791 1519 822 1579 in
853 1520 1012 1597 provinciis
1047 1527 1150 1579 contra
1202 1524 1212 1573 .“

40 1616 70 1666 15
82 1621 172 1682 quam
204 1620 274 1680 spes
303 1609 354 1661 ant
381 1611 476 1663 metus
500 1602 536 1662 de
563 1603 621 1662 illis
643 1604 732 1663 luerit
754 1604 864 1681 egisse.
906 1604 1033 1664 Excitari
1056 1622 1149 1680 quos-

80 1689 152 1749 dam
173 1686 208 1746 ad
231 1685 353 1746 meliora
376 1685 575 1764 magnitudine
597 1705 708 1759 rerum,
737 1687 898 1747 hebescere
919 1687 1004 1748 alios.
1048 1686 1150 1765 Neque

78 1789 176 1852 posse
197 1770 360 1848 principem
384 1789 436 1829 sua
459 1770 580 1830 scientia
609 1780 711 1830 cuncta
734 1769 904 1847 complecti,
933 1789 1029 1847 neque
1058 1788 1149 1847 expe-

81 1857 148 1916 dire
172 1866 203 1915 ul
225 1855 386 1915 ambitione
408 1854 501 1914 aliena
525 1853 665 1913 trahatur.
720 1853 790 1913 ldeo
819 1853 898 1929 leges
927 1853 956 1912 in
979 1854 1054 1913 sacta
1077 1871 1151 1912 con-

82 1939 184 2012 stitui,
219 1938 286 2018 quia
308 1941 405 1999 lutura
428 1938 458 1997 in
480 1938 593 1997 incerto
616 1937 685 1998 sint.
740 1937 789 1998 Sic
811 1955 826 1995 a
849 1936 1009 1996 maioribus
1031 1935 1151 1995 institu-
1245 1942 1249 1951 “

36 2033 161 2095 abtum,
184 2032 226 2095 ut,
250 2023 276 2082 si
298 2024 446 2083 antissent
468 2022 582 2095 delicta,
605 2040 720 2100 poenae
743 2028 950 2100 sequerentur.
989 2019 1031 2080 Ne
1053 2027 1151 2079 verte-

83 2116 153 2168 rent
186 2107 337 2186 sapienter
371 2115 488 2184 reperta
525 2115 553 2166 et
590 2125 709 2185 semper
742 2106 856 2185 placita.
915 2105 992 2165 Satis
1029 2111 1153 2164 onerum

84 2191 281 2270 principibus,
305 2191 376 2251 satis
399 2191 485 2250 eliam
508 2192 667 2268 potentiae.
713 2191 802 2252 Minui
827 2191 904 2261 iura,
928 2188 1066 2268 quotiens
1096 2187 1152 2266 gli·

84 2285 152 2336 scat
172 2273 322 2354 potestas3
353 2293 408 2336 nec
431 2277 570 2336 utendum
592 2277 733 2354 imperio,
768 2276 817 2336 nbi
840 2275 954 2352 legibus
977 2274 1022 2351 agi
1045 2273 1152 2351 possit.
1201 2334 1204 2338 .

82 2360 205 2432 Quanto
235 2359 331 2419 rarior
359 2368 429 2437 aput
456 2359 608 2422 'liberium
636 2361 835 2439 popularitas,
869 2368 950 2420 lanto
979 2357 1152 2419 laetioribus

30 2443 192 2507 25animis
222 2453 349 2522 accepta.
400 2448 493 2521 Atque
522 2444 570 2505 ille
597 2445 726 2522 prudens
757 2444 946 2516 moderandi,
979 2444 1003 2504 si
1031 2444 1151 2521 propria

79 2530 127 2589 ira
158 2546 220 2587 non
247 2527 463 2606 impelleretur,
503 2529 614 2590 addidit
641 2529 767 2588 insulam
799 2528 923 2606 Gyarum
954 2527 1095 2587 immitem
1123 2534 1153 2587 et

79 2612 150 2674 sine
186 2610 264 2670 cultu
301 2612 453 2672 hominum
489 2631 574 2673 esse:
612 2613 716 2672 darent
743 2612 844 2671 luniae
878 2609 1003 2670 familiae
1033 2617 1061 2669 et
1090 2610 1153 2668 viro

79 2693 240 2774 quondam
260 2695 371 2757 ordinis
395 2696 526 2756 eiusdem
550 2704 584 2754 ut
606 2696 749 2774 Cythnum
771 2695 872 2772 potius
895 2692 1080 2752 concederet.
1120 2690 1152 2748 ld

75 2795 222 2843 sororem
247 2797 362 2857 quoque
386 2780 477 2840 Silani
500 2780 688 2857 Torquatam,
717 2778 831 2858 priscae
854 2774 1067 2836 sanctimoniae
1088 2773 1150 2831 vir-

111 2948 137 2998 2.
157 2942 190 2994 L.
208 2942 334 2995 neonem.
371 2946 397 2996 S.
419 2962 448 2995 zu
469 2944 555 2996 thau.
644 2942 838 2999 wierll.d3;
869 2941 924 2991 eine
951 2940 1013 2990 noch
1037 2940 1154 3002 grissere

111 3015 138 3064 4.
162 3009 290 3075 Gyamrm,
315 3014 370 3064 eine
389 3014 435 3063 der
453 3011 589 3080 Cycladeu,
643 3012 795 3064 lll.·li.l8.
877 3011 883 3023 '

67 3079 211 3131 zwischen
231 3079 328 3129 Andros
345 3082 394 3131 und
413 3081 489 3131 Keos.
677 3085 700 3131 7.
719 3079 784 3141 filio.
812 3075 1031 3127 Wahrscheinlich
1050 3076 1075 3124 A
1091 3076 1155 3140 pius

92 3151 138 3198 ,5.
162 3143 354 3197 dammim.
381 3149 407 3198 S.
429 3163 460 3196 zu
478 3146 520 3197 lv.
531 3150 573 3197 44.
643 3149 737 3196 Iunius
749 3132 866 3209 Salanda,
878 3162 926 3194 von
943 3146 997 3194 dem
1012 3159 1043 3192 an
1059 3091 1100 3193 lii.
1110 3144 1153 3194 68.

111 3216 141 3264 6.
168 3212 265 3275 quippe
288 3213 342 3264 olio
363 3219 477 3280 parente
498 3215 591 3276 genart
676 3208 724 3269 69.
745 3213 883 3263 Cornelius
899 3212 1047 3263 Dolabella.
1078 3211 1102 3260 S.
1124 3226 1169 3260 zu.

68 3281 161 3332 Diese
189 3278 336 3330 verhohrten
354 3281 448 3332 Worte
476 3281 592 3329 soheineo
644 3280 740 3332 lll.4'l.
777 3281 823 3347 Ad
840 3283 881 3330 hir
899 3286 933 3330 ot.

71 3343 312 3409 Randbemerknng
327 3348 461 3398 demandes
480 3347 592 3413 zuusein,
680 3349 720 3398 25.
737 3348 896 3396 moderandi
916 3347 1008 3397 ‘hluass
1027 3361 1056 3395 zo
1073 3343 1157 3406 gelrie-

68 3417 127 3465 der
139 3411 216 3460 einen
230 3410 312 3465 Grnnd
327 3413 602 3477 turoleaosrhnmung,
647 3415 704 3473 ten'‚
726 3414 784 3463 d.h.
805 3414 850 3464 dus
869 3417 962 3472 rechte,
991 3411 1086 3463 sowohl
1105 3411 1156 3461 sich
1256 3416 1261 3426 ¹

71 3484 126 3533 des
160 3477 278 3530 Lentulus
308 3481 392 3533 snchle
425 3481 474 3531 uod
506 3479 597 3531 keiueu
648 3483 685 3532 als
705 3482 814 3531 Andern.
1163 3499 1165 3503 ·

68 3547 184 3601 andern
204 3544 273 3606 land,
304 3551 341 3599 als
360 3565 433 3599 wenn
452 3547 493 3596 die
512 3548 599 3596 natdr-
684 3551 722 3601 28.
748 3548 882 3614 quondam
906 3549 1010 3598 ordinis
1033 3543 1155 3594 eiusdem.

70 3615 152 3666 liche
171 3610 264 3663 Mutter
286 3616 329 3665 des
348 3615 448 3667 Silanus
474 3612 529 3663 eine
554 3629 598 3664 ιιιι-
649 3618 685 3667 Er
703 3618 771 3666 hatte
790 3618 836 3664 den
850 3617 928 3666 Stand
947 3615 1008 3664 eben
1028 3611 1104 3660 durch
1116 3611 1156 3658 dio
1211 3653 1213 3656 Α

74 3684 149 3732 dem
179 3691 293 3738 sewosen
317 3683 354 3733 als
381 3685 421 3734 die
445 3680 541 3731 welche
568 3697 598 3735 er·
648 3684 844 3745 Verurtlieilung
861 3683 986 3732 verioren.

73 3743 186 3821 heerhlt
209 3748 254 3796 und
273 3749 524 3802 diameter-naboon
544 3748 597 3804 also
684 3752 830 3818 Cythnum,
857 3750 913 3799 eine
944 3749 989 3797 der
1019 3743 1153 3811 Cycladen.

75 3829 134 3865 von
151 3825 233 3861 serner
244 3816 399 3869 Stielmntter
415 3831 532 3882 gewesen
543 3822 597 3871 wi·
649 3821 744 3870 sfidlich
764 3835 810 3869 oron
829 3818 906 3868 Keos.
1001 3841 1007 3854 ·

74 3895 143 3932 ren.
188 3876 248 3932 Eine
272 3885 384 3935 aheliche
408 3880 486 3937 Milde
513 3883 596 3940 finden
683 3879 722 3940 2‘9.
746 3885 914 3949 Torquatum.
951 3881 993 3932 Sie
1020 3880 1088 3963 hatte
1107 3878 1169 3929 die-,⁴
1253 3890 1256 3898 ·
