2550 4350
158 278 220 343 128
251 312 256 319 ·
523 290 669 345 CORNELI
686 292 798 346 'lactrt
1092 297 1211 360 (mmm

156 445 240 509 Suria
268 446 376 508 statuit.
424 446 489 507 llox
516 447 638 509 aduersa
668 447 831 509 Germanici
866 448 1025 510 ualitudine
1060 449 1208 526 detentus,

156 530 206 593 ubi
229 539 388 592 recreatum
411 531 520 610 accepit
546 540 672 612 uotaque
699 550 755 612 pro
783 532 981 603 incolumitate
1009 533 1207 608 solvebantur,

154 615 287 678 admotas
303 615 423 688 bestias,
447 616 634 679 sacrificalem
651 627 832 697 apparatum,
849 619 951 679 testam
966 618 1208 683 Antiochensium

154 700 268 781 plebem
296 719 349 779 per
376 700 496 762 lictores
524 702 688 780 proturbat.
744 703 818 763 Tum
847 703 1007 779 Seleuciam
1036 704 1208 782 digreditur,

154 784 313 865 opperiens
344 786 553 865 aegritudinem
589 804 663 866 quae
697 805 814 848 rursum
845 788 1017 849 Germanico
1053 790 1236 854 acciderat5

155 868 275 932 Sacram
297 870 352 930 rim
376 871 469 931 morbi
492 870 614 950 augebat
638 872 792 951 persuasio
810 873 913 933 veneni
928 893 943 933 a
959 872 1066 934 Pisone
1081 877 1209 953 accepti;

154 963 183 1017 et
203 953 424 1034 reperiebantur
452 955 516 1017 solo
546 974 580 1016 ac
601 956 762 1035 parietibus
792 968 892 1018 erutae
921 959 1114 1019 humanorum
1138 979 1207 1021 cor-

154 1059 258 1121 porum
282 1040 435 1118 reliquiae,
466 1038 592 1123 carmina
616 1049 646 1102 et
666 1041 839 1103 devotiones
862 1050 892 1102 et
913 1061 1020 1103 nomen
1044 1043 1208 1106 Germanici

152 1125 297 1206 plumbeis
320 1125 423 1186 tabulis
451 1125 642 1205 insculptum,
677 1129 800 1187 semusti
828 1127 943 1188 eineres
972 1147 1005 1188 ac
1033 1127 1101 1188 tabo
1125 1129 1207 1191 obliti

154 1211 267 1289 aliaque
289 1208 426 1271 maleficia
448 1211 514 1289 quis
537 1212 665 1272 creditur
687 1211 799 1272 animas
822 1211 991 1272 numinibus
1015 1213 1138 1274 internis
1155 1233 1204 1276 sa·
1219 1225 1248 1274 to

154 1294 239 1357 erari.
270 1294 362 1357 Simul
378 1295 459 1356 missi
475 1314 489 1355 a
506 1295 615 1356 Pisone
632 1296 838 1357 incusabantur
856 1307 887 1357 ut
902 1297 1068 1358 valitudinis
1084 1299 1207 1360 adverae

102 1382 142 1444 70
153 1381 303 1441 rimantes.
333 1379 372 1440 Ea
389 1380 559 1441 Germanice
583 1380 658 1441 baud
680 1381 777 1442 minus
797 1381 839 1441 ira
862 1400 946 1460 quarn
962 1401 1015 1460 per
1032 1393 1140 1443 metum
1156 1403 1207 1445 ao-

154 1472 245 1543 cepta.
283 1463 314 1526 Si
328 1465 415 1526 limen
431 1465 627 1536 obsideretur,
651 1466 676 1525 si
692 1466 887 1526 ellandendus
904 1467 1027 1546 spiritus
1043 1468 1098 1528 sub
1114 1468 1206 1529 oculis

153 1550 336 1611 inimicorum
352 1551 437 1633 leret,
460 1550 527 1628 quid
550 1550 655 1611 deinde
678 1551 859 1611 miserrimae
875 1553 1003 1629 coniugi,
1025 1553 1092 1630 quid
1109 1553 1207 1613 inlan-

153 1634 231 1696 tibus
253 1633 353 1697 liberis
376 1632 567 1696 eventurum?
605 1635 698 1696 Lenta
721 1635 811 1697 videri
833 1637 986 1697 venalicia:
1014 1637 1154 1699 festinare
1176 1647 1204 1699 et
1219 1648 1247 1698 15

152 1738 272 1799 urgere,
300 1728 332 1781 ut
353 1720 547 1800 provinciam,
581 1728 613 1780 ut
640 1720 772 1799 legiones
796 1721 877 1782 solus
902 1721 1014 1782 lrabeat.
1064 1721 1122 1782 Sed
1145 1741 1206 1783 non

139 1823 245 1885 ⁴usque
268 1824 303 1865 eo
326 1806 469 1867 delectum
493 1804 713 1877 Germanicum,
743 1825 839 1884 neque
867 1807 993 1885 praemia
1017 1807 1113 1867 caedis
1137 1816 1207 1886 aput

151 1889 368 1951 interfectorem
392 1908 538 1951 mansura.
573 1889 732 1970 Comperit
753 1890 891 1970 epistulas
913 1891 978 1968 qum
1001 1891 1157 1953 amicitiam
1179 1893 1205 1953 ei

150 1974 344 2036 renuntiabat.
375 1975 490 2035 Addunt
511 1975 644 2055 plerique
666 1977 778 2036 iussum
796 1975 943 2053 provincia
960 1974 1113 2038 decedere.
1147 1977 1206 2039 Nec

150 2059 219 2121 Piso
242 2068 372 2122 moratus
395 2061 470 2121 ultra
491 2060 573 2121 navis
596 2060 699 2131 selvit;
715 2059 989 2136 moderabaturque
1012 2063 1123 2134 cursui,
1146 2069 1245 2140 quoto

151 2144 275 2225 propius
303 2146 521 2223 regrederetur,
553 2145 578 2206 si
601 2164 683 2206 mors
706 2143 870 2204 Germanici
894 2143 1008 2204 Suriam
1031 2146 1202 2225 aperuisset.

100 2229 134 2291 'ii
152 2230 259 2291 Caesar
280 2231 428 2311 paulisper
450 2231 484 2291 ad
508 2248 590 2308 spem
614 2237 745 2296 erectus,
776 2227 842 2287 dein
872 2231 953 2289 lesse
982 2248 1124 2309 corpore,
1152 2228 1200 2289 ubi

151 2314 219 2374 llnis
247 2315 361 2387 aderat,
390 2315 566 2376 adsistentes
595 2312 705 2372 amieos
733 2312 763 2373 in
786 2313 864 2372 bunc
886 2314 1005 2374 modum
1028 2315 1202 2394 adloquitur.

151 2398 181 2460 Si
205 2400 263 2461 luto
286 2402 493 2469 concederem,
522 2399 615 2458 iustus
643 2395 713 2456 mibi
741 2396 826 2456 dolor
856 2399 942 2461 etiam
969 2401 1109 2461 adversus
1131 2400 1203 2460 deos

152 2493 241 2557 esset,
264 2486 341 2566 quod
366 2506 411 2547 me
432 2481 601 2565 pareatibus
623 2480 723 2541 liberis
740 2482 849 2558 patriae
864 2483 938 2545 intra
954 2483 1097 2545 iuventam
1114 2502 1200 2561 prae·
1212 2494 1244 2544 25

151 2580 264 2632 maturo
287 2572 366 2633 exitu
388 2576 532 2649 raperent.
567 2564 651 2625 Nunc
672 2564 783 2634 scelere
798 2566 916 2629 Pisonis
938 2579 967 2631 et
981 2568 1132 2629 Plancinae
1154 2568 1202 2627 in-

151 2663 300 2735 terceptus
323 2655 439 2718 ultimas
461 2668 563 2731 preces
586 2650 754 2727 pectoribus
770 2653 877 2714 vestris
899 2655 1047 2733 relinquo:
1070 2653 1203 2714 referatis

182 2793 204 2843 3.
235 2789 378 2842 Antiochia
410 2800 465 2835 war
494 2783 534 2834 dia
560 2782 653 2850 Haupt·
702 2788 1098 2853 maasagtprope,prornlesse,
1114 2787 1205 2837 ebeoso

147 2860 216 2910 stadt
233 2859 345 2927 syricus.
393 2852 417 2903 lo
445 2852 516 2902 einer
533 2850 653 2901 Vorstadt
701 2855 805 2905 werden
824 2856 893 2905 diese
910 2855 1036 2905 adverbia
1062 2871 1092 2904 za
1111 2856 1205 2906 andern

147 2927 287 2983 mathan,
309 2922 459 2991 Epidaplrue,
480 2918 652 2970 warGerma·
702 2921 801 2973 Verbea
825 2932 923 2985 gesetzt
947 2923 970 2971 in
997 2924 1043 2972 der
1061 2923 1206 2985 Bedeutung

148 2997 226 3047 airus.
264 2992 378 3044 MSS.
705 2990 737 3039 ‘ia
756 2992 802 3040 der
818 2990 903 3046 Nibe’.
939 2991 971 3039 'ia
996 2992 1041 3040 der
1058 2992 1138 3042 Ferae
1163 2991 1205 3040 be-

181 3068 204 3117 t.
230 3060 350 3114 Seleucia
373 3056 471 3111 Pirria,
500 3055 567 3105 aicbt
590 3057 651 3108 weit
700 3058 813 3109 lindlirb'.
852 3057 917 3108 lV.5
936 3058 1010 3108 baud
1024 3060 1121 3123 prorui
1136 3061 1205 3109 acci-

147 3148 194 3183 ron
214 3126 342 3181 llntinrbiu
361 3139 400 3174 aur
419 3122 496 3174 lleer.
700 3132 799 3176 rentur.
849 3125 890 3174 i'l.
907 3129 939 3177 ‘26
966 3133 1065 3192 qrrurrto
1091 3129 1206 3191 propius

181 3204 203 3251 b.
223 3195 367 3262 opperiens.
404 3192 430 3242 S.
451 3208 479 3241 au
499 3191 541 3243 lV.
554 3196 594 3244 il.
698 3195 769 3245 mula
786 3194 957 3257 reipublicae
968 3199 1067 3245 viseret.
1091 3193 1202 3246 Xtttffl

180 3270 202 3319 tt.
221 3262 329 3313 minorati
348 3263 454 3310 eineres.
490 3262 649 3312 Ascbebalb-
697 3277 788 3328 preces
804 3263 957 3312 mortalium
974 3280 990 3313 a
1007 3261 1205 3324 deisausquam

145 3334 312 3383 rrrluuoater
324 3327 496 3394 lidrpertbeile
513 3330 649 3393 (balbaus-
696 3332 810 3396 propius
827 3329 925 3379 arulira'.

145 3401 282 3463 gelrrunnte
300 3397 409 3453 bsrbe'ta
433 3397 511 3449 daber
528 3401 588 3450 tuto
606 3400 649 3449 ob·
732 3392 779 3451 71.
799 3399 837 3448 Pb.
857 3395 1094 3461 pareatibua,seiae
1108 3394 1203 3446 blatter

146 3468 195 3517 liti.
699 3465 805 3515 Antonia
825 3464 876 3513 illl.
891 3466 917 3515 at
940 3465 987 3512 uod
1011 3462 1064 3510 sein
1084 3463 1204 3529 ¹adoptiu-

178 3528 226 3589 tlt.
255 3532 458 3594 illustratibus
483 3535 579 3586 literas.
613 3532 650 3582 Er
699 3541 772 3582 rater
797 3532 921 3583 Tiberius.
970 3529 1053 3579 Wenn
1080 3545 1110 3580 er
1139 3535 1202 3582 atreb

146 3602 215 3653 batte
232 3600 297 3650 totta
323 3602 369 3652 arrd
395 3603 507 3665 Caligula
535 3603 572 3652 bei
597 3601 648 3649 sirb
700 3609 794 3650 wusste
812 3601 871 3648 dass
889 3599 943 3645 dem
961 3597 1066 3649 letztern
1085 3600 1202 3649 seinTod

146 3670 198 3731 (ΙΙΙ.
214 3672 234 3719 l.
257 3669 324 3719 Suet.
347 3670 399 3721 Cal.
416 3675 467 3725 llll:
500 3670 561 3719 iiber
573 3670 650 3731 ιἱειιιϊ
700 3669 841 3718 erudasrbt
859 3666 904 3719 sei,
926 3664 985 3716 laisst
1004 3683 1032 3716 rr
1050 3669 1111 3717 dorb
1129 3670 1199 3717 einen

147 3738 313 3801 GeburtsJ'abr
335 3755 356 3789 s.
377 3755 399 3789 r.
416 3742 462 3795 bt,
488 3736 550 3786 iiber
566 3734 649 3784 dieses
698 3734 797 3784 salebra
823 3732 946 3782 l'rrdarbt
972 3736 1038 3786 nirbt
1061 3736 1110 3785 lant
1136 3752 1200 3785 wer·

147 3822 178 3856 zu
198 3805 215 3855 Ι.
228 3808 268 3858 to.
698 3800 754 3855 deo,
775 3801 824 3849 wie
842 3802 904 3849 atreb
922 3803 962 3851 die
982 3804 1140 3866 Erwdlrnung
1157 3806 1201 3853 des

183 3876 219 3925 lS.
239 3876 372 3940 qaistulus.
409 3873 434 3922 S.
455 3886 484 3920 ιιι
503 3868 521 3919 Ι.
537 3872 577 3922 St).
697 3866 814 3917 Tiberius
838 3868 870 3918 im
896 3870 1034 3933 Fulgeaden
1065 3874 1139 3934 zeigt„
1167 3899 1200 3908 -

181 3945 219 3994 ll.
236 3946 348 4009 par-raptus
365 3936 556 4004 menaea.
585 3935 648 3988 wie
698 3936 781 3987 lleber
796 3940 869 3988 intra
887 3941 1019 3991 iuuentam
1036 3957 1056 3990 s
1077 3956 1098 3989 e.
1112 3941 1152 3991 tt.
