2550 4350
123 254 214 338 '228
514 267 671 338 'connum
689 279 800 332 vacivi
1084 288 1204 346 uuam

138 441 299 508 Cornutum
322 436 504 516 praetorium
527 434 742 496 ministravisse
760 433 1004 511 pecuniamnqui
1028 434 1125 495 taedio
1148 456 1204 497 cu·

68 539 74 545 ’
135 542 252 594 rarum,
282 532 311 583 et
333 521 400 598 quia
422 519 584 598 periculum
612 537 666 596 pro
697 517 786 577 exitio
808 517 987 588 habebatur,
1021 527 1149 583 mortem
1171 521 1203 582 in

135 627 168 668 se
190 605 349 668 festinavit.
393 608 429 664 nt
450 614 552 664 contra
582 621 651 663 rens
680 602 752 661 nibil
779 601 903 662 infracto
933 600 1032 661 animo
1056 603 1203 668 obversus

133 693 164 752 in
187 691 277 751 tilium
301 699 422 768 quatere
443 687 547 759 vincla,
569 705 675 747 vocare
697 687 811 746 ultores
834 685 918 757 deos,
948 694 979 746 ut
1000 685 1057 746 sibi
1081 687 1201 765 quidem

132 775 292 836 redderent
314 772 447 844 exilium,
471 772 522 831 ubi
543 772 645 850 procul
668 769 717 830 tali
740 788 823 829 more
845 778 959 848 ageret,
987 770 1079 830 lilium
1101 782 1230 836 autema

131 859 307 937 quandoque
336 856 479 936 supplicia
508 864 712 934 sequerentur.
765 854 1020 931 adseverabatque
1052 854 1199 920 innocen-

131 955 190 1004 tem
209 943 373 1005 Cornutum
397 952 426 1001 et
448 941 519 1001 salsa
543 940 732 1011 exterritum3
766 938 853 1014 idque
875 938 959 998 facile
981 937 1146 1013 intellectu,
1172 943 1198 1002 si

131 1027 329 1105 proderentur
350 1025 412 1085 alii:
437 1042 497 1084 non
520 1024 598 1084 enim
620 1043 653 1084 se
675 1022 793 1082 caedem
816 1022 957 1100 principis
981 1031 1010 1082 et
1030 1042 1080 1084 res
1103 1043 1197 1086 novas

79 1113 192 1175 29555
214 1111 297 1171 socio
320 1111 477 1187 cogitasse.
515 1108 590 1168 'lum
612 1114 782 1167 accussator
797 1106 849 1165 Cn.
866 1105 1022 1178 Lentulum
1045 1116 1075 1167 et
1095 1109 1197 1170 Seium
1228 1112 1231 1117 ’

131 1195 320 1257 Tuberonem
344 1194 490 1263 nominat,
513 1210 618 1268 magno
640 1190 755 1270 pudore
777 1188 929 1263 Caesaris,
960 1208 1025 1251 cum
1047 1192 1197 1270 primores
1209 1208 1241 1257 to

22 1329 24 1332 .
89 1330 91 1339 .
128 1280 271 1352 civitatis,
303 1278 398 1339 intimi
427 1276 521 1355 ipsius
550 1274 651 1345 amici,
684 1272 828 1333 Lentulus
852 1274 1013 1335 senectutis
1036 1283 1195 1351 extremae,

98 1373 103 1378 ’
129 1363 248 1425 Tubero
278 1363 391 1437 delecto
422 1377 562 1439 corpore,
596 1357 738 1418 tumultus
766 1356 945 1418 hostilis-et
967 1359 1129 1422 turbandae
1151 1363 1195 1441 rei

126 1447 262 1527 publicae
289 1453 522 1507 accerserentur.
573 1442 631 1501 Sed
658 1441 689 1504 bi
718 1440 836 1517 quidem
864 1442 962 1502 statim
986 1445 1129 1521 exempti:
1162 1446 1194 1507 in

125 1540 240 1609 patrem
270 1550 304 1590 ex
334 1528 428 1589 servis
457 1526 638 1603 quaesitum,
675 1533 704 1584 et
726 1524 860 1602 quaestio
884 1527 1004 1586 adversa
1027 1531 1193 1590 accusatori

125 1615 189 1676 luit.
234 1614 292 1686 Qui
314 1613 426 1672 scelere
446 1627 562 1680 vecors,
592 1608 680 1669 simul
701 1607 777 1685 vulgi
800 1627 920 1669 rumore
943 1611 1075 1685 territus,
1098 1612 1191 1674 robur
1205 1627 1239 1675 15

126 1709 155 1760 51
177 1716 280 1760 saxum
303 1704 353 1756 aut
374 1692 584 1771 parricidarum
606 1711 719 1773 poenas
742 1692 956 1766 minitantium,
989 1695 1079 1756 cessit
1107 1697 1190 1759 urbe.

123 1785 164 1844 bc
194 1787 338 1843 retractus
371 1778 508 1838 Ravenna
528 1777 664 1854 ,exsequi
698 1777 913 1837 accusationem
947 1778 1090 1856 adigitur,
1129 1801 1191 1842 non

125 1865 288 1927 occultante
310 1861 431 1922 Tiberio
459 1870 543 1922 vetus
576 1860 677 1922 odium
707 1862 862 1922 adversum
891 1863 1004 1923 exulem
1033 1864 1190 1927 Serenum.

123 1951 196 2010 Nam
223 1945 490 2025 postdamnatum
518 1946 663 2006 Libonem
699 1945 800 2006 missis
834 1946 869 2005 ad
900 1945 1054 2006 Caesarem
1084 1947 1189 2010 litteris

122 2029 351 2110 exprobraverat
373 2049 459 2090 suum
482 2038 594 2091 tantum
618 2029 747 2091 studium
770 2029 835 2089 sine
858 2031 953 2091 lructu
969 2031 1078 2105 luisse,
1102 2029 1264 2096 addi-ao*

117 2213 152 2265 Μ.
173 2212 313 2277 Cornutus,
332 2214 378 2264 der
394 2214 459 2264 Mar.
481 2215 540 2264 Arv.
561 2213 580 2263 l.
594 2217 626 2266 24
677 2213 751 2278 quod
767 2219 828 2263 ante
846 2215 1191 2267 aretsrobuster'sinclude·

118 2281 155 2333 als
175 2281 267 2332 Arvale
289 2284 319 2332 14
337 2297 360 2330 5.
377 2280 421 2330 Cb.
442 2283 589 2331 vorkommt.
678 2283 763 2330 batur.
805 2280 860 2331 Liv.
886 2279 1032 2332 XXXVlll.
1051 2286 1082 2335 59
1107 2289 1139 2333 ut
1160 2287 1192 2335 in

151 2353 174 2400 7.
200 2348 271 2410 [aba
295 2351 466 2412 emiemritum,
493 2351 554 2398 uacb
580 2350 626 2399 der
678 2363 810 2398 carcerem
828 2350 898 2398 inter
915 2348 1146 2413 furesnocturnoe
1164 2357 1192 2401 et

117 2416 238 2478 Analogia
269 2431 317 2466 von
353 2417 469 2466 horrere.
523 2416 625 2478 Madvig
677 2416 794 2465 latrones
817 2418 860 2464 vir
883 2416 1049 2466 clarissimus
1067 2419 1191 2468 includa-

116 2482 196 2549 §223
207 2499 229 2532 e.
677 2488 722 2532 tur
739 2488 766 2532 ei
781 2485 810 2531 in
827 2484 924 2533 robore
941 2490 968 2534 et
984 2486 1097 2534 tenebris
1112 2489 1191 2551 eapi-

148 2554 174 2600 si
186 2548 368 2616 proderentur
378 2550 434 2600 alii.
452 2549 523 2600 Denn
537 2550 623 2599 diesen
675 2555 731 2612 ret;
755 2549 851 2600 deinde
867 2551 956 2601 nudus
972 2558 1034 2603 ante
1053 2568 1190 2603 carcerem

114 2618 201 2668 werde
220 2618 266 2667 der
283 2617 411 2680 Anllaiger
425 2615 514 2669 Nicbts
531 2617 626 2668 bewei·
671 2620 832 2683 proiciatur.
876 2619 936 2668 Sall.
959 2619 1014 2670 Cat.
1031 2623 1062 2671 55
1080 2621 1131 2670 Eat
1148 2621 1190 2671 lo·

114 2701 157 2734 sen
177 2686 283 2736 ldnnen.
676 2700 721 2735 cres
745 2687 912 2750 incarcere,
939 2686 1012 2751 quod
1031 2686 1188 2738 Tullianum

146 2748 196 2811 29.
226 2755 250 2805 9.
277 2752 321 2804 Cn.
346 2752 496 2803 Lentulum.
540 2754 566 2803 S.
593 2769 624 2802 zu
675 2753 834 2818 appellatur.
878 2753 948 2803 Eum
965 2757 1091 2805 muniunt
1107 2757 1186 2806 undi-

113 2835 133 2869 c.
146 2823 188 2872 44.
676 2836 726 2884 que
740 2825 858 2887 parietes
869 2828 949 2886 atque
958 2824 1067 2887 imper
1078 2838 1188 2875 camera

147 2887 236 2937 Seium
257 2885 433 2951 Tuberonem,
462 2888 560 2937 Bruder
578 2887 622 2937 tes
674 2888 790 2952 lapideis
807 2889 1068 2952 fornicibuscincta,
1085 2891 1132 2940 sed
1144 2893 1186 2940 in·

112 2954 204 3015 Sejen‚
232 2968 280 3001 von
304 2953 620 3004 welcbemven.tt.127
673 2955 747 3004 cultu
766 2957 878 3005 tenebris
896 2956 977 3006 odore
999 2956 1079 3017 foeda
1105 2963 1188 3023 atque

112 3020 249 3069 debentem
267 3022 416 3072 consularis
432 3021 540 3085 fratres,
559 3036 619 3070 con·
672 3023 799 3071 tamtan
821 3025 879 3071 eius
899 3022 985 3083 facies
1009 3029 1053 3073 est.
1101 3024 1187 3074 Ueber

109 3087 238 3148 cabrinos,
249 3089 417 3139 auunculum.
437 3092 561 3140 boucaesr.
583 3087 620 3136 Er
670 3102 767 3136 sacrun
784 3104 816 3136 zn
833 3087 920 3145 11.32;
941 3089 982 3137 die
997 3105 1102 3153 poenae
1118 3107 1184 3156 par·

110 3152 266 3203 meousul
277 3155 396 3206 suffectus
407 3158 466 3208 185.
477 3156 521 3206 Cb.
543 3154 614 3205 Grnt.
670 3154 819 3203 rieidarurn
831 3154 987 3204 Modestinus
996 3154 1053 3217 Dig.
1062 3155 1181 3210 XLVlll.

108 3220 181 3274 26‚9
208 3218 364 3273 Gemanica
383 3221 495 3273 Caesare
512 3223 552 3285 11,
587 3219 617 3270 L.
670 3222 694 3274 9.
713 3222 742 3271 9:
768 3221 856 3269 Poena
870 3220 1019 3284 parricidii
1035 3237 1109 3273 more
1126 3242 1186 3276 ma·

108 3285 170 3336 Seio
191 3285 327 3339 Tuberone
345 3305 395 3340 eos.
430 3288 488 3350 Vgl.
501 3287 531 3338 ll.
541 3290 573 3338 20
592 3301 616 3334 u.
668 3289 757 3336 ieram
777 3288 842 3336 baec
859 3289 982 3336 instituta
1001 3293 1046 3350 est,
1070 3296 1101 3337 ut
1114 3308 1186 3355 par·

108 3370 140 3403 zu
158 3353 188 3405 V.
205 3358 230 3407 6.
669 3352 757 3402 ricida
774 3356 859 3418 uirgis
883 3356 1040 3418 sanguineis
1057 3358 1184 3410 uerbera-

145 3425 181 3473 14.
195 3439 230 3472 ea
239 3427 322 3473 555545
332 3423 487 3486 quaesitum.
500 3419 528 3468 S.
539 3418 615 3469 1130.
668 3424 711 3468 tus
740 3419 835 3471 deinde
861 3421 944 3471 melleo
969 3425 1094 3473 insuetur
1119 3442 1184 3478 cum

142 3492 180 3540 15.
199 3493 282 3541 robur
306 3490 339 3538 im
364 3489 471 3541 Carcer‘.
499 3485 615 3535 dasselbe
668 3501 747 3551 cane,
772 3488 847 3552 galla
869 3490 1022 3554 gallinaceo
1041 3496 1066 3541 et
1084 3496 1179 3559 vipera

104 3557 150 3607 mit
168 3558 223 3608 dem
241 3556 391 3607 Tullianum.
421 3551 468 3600 Die
487 3552 616 3603 dortllin-
668 3559 694 3603 et
709 3557 803 3620 rimem-
821 3557 916 3607 deinde
933 3560 962 3608 in
974 3574 1049 3608 mare
1061 3562 1180 3624 profun-

104 3632 251 3690 gespcrrten
270 3618 373 3671 worden
398 3618 536 3669 ordrosselt
554 3621 616 3670 oder
668 3620 732 3672 dum
751 3625 851 3674 culleus
868 3629 993 3676 iactatur.
1128 3685 1133 3693 .

103 3687 341 3741 verscbmacbteten.
385 3684 442 3754 Vgl.
463 3702 494 3735 zu
513 3684 554 3736 lll.
569 3690 611 3739 50.
700 3692 740 3742 20.
759 3707 836 3742 suum
855 3698 958 3742 tantum
983 3694 1101 3745 studium
1118 3699 1180 3745 sine

101 3755 203 3808 Paullus
221 3769 245 3819 p.
257 3755 307 3804 264
315 3751 384 3802 Μ411.
404 3751 492 3803 liebus
509 3770 614 3819 quoque
664 3755 757 3817 fmectu
774 3759 863 3820 fuisse.
893 3760 924 3809 ll.
937 3762 970 3811 32
988 3761 1022 3811 ist
1034 3761 1171 3812 bericbtet:
1189 3796 1193 3800 -

101 3828 129 3873 in
153 3837 260 3870 carcere
284 3821 385 3873 dicitur
415 3823 438 3869 ir
463 3821 536 3871 locrar
560 3839 612 3887 quo
663 3825 740 3875 Bona
758 3829 828 3876 inter
852 3834 1033 3878 comtemtores
1051 3830 1176 3880 diur'dun·

94 3891 295 3956 praecipitatur
317 3887 500 3951 maleficorum
516 3905 611 3958 genus,
664 3897 722 3958 tur,
748 3898 773 3943 et
785 3901 933 3961 praeturae
956 3902 1035 3947 entra
1053 3898 1176 3949 ordinem
