<?xml version="1.0" encoding="UTF-8"?>
<!DOCTYPE html PUBLIC "-//W3C//DTD XHTML 1.0 Transitional//EN"
    "http://www.w3.org/TR/xhtml1/DTD/xhtml1-transitional.dtd">
<html xmlns="http://www.w3.org/1999/xhtml" xml:lang="en" lang="en">
 <head>
  <title>
</title>
<meta http-equiv="Content-Type" content="text/html;charset=utf-8" />
  <meta name='ocr-system' content='tesseract 3.04.00' />
  <meta name='ocr-capabilities' content='ocr_page ocr_carea ocr_par ocr_line ocrx_word'/>
</head>
<body>
  <div class='ocr_page' id='page_1' title='image "./corneliustacitu00claugoog_0366.png"; bbox 0 0 2550 4350; ppageno 0'>
   <div class='ocr_carea' id='block_1_1' title="bbox 77 253 1260 351">
    <p class='ocr_par' dir='ltr' id='par_1_1' title="bbox 77 253 1260 351">
     <span class='ocr_line' id='line_1_1' title="bbox 77 253 1260 351; baseline 0.003 -14"><span class='ocrx_word' id='word_1_1' title='bbox 77 290 203 351; x_wconf 49' lang='lat' dir='ltr'>aanor)</span> <span class='ocrx_word' id='word_1_2' title='bbox 313 285 373 344; x_wconf 76' lang='lat' dir='ltr'>,aa</span> <span class='ocrx_word' id='word_1_3' title='bbox 391 281 629 338; x_wconf 80' lang='lat' dir='ltr'>excessuum</span> <span class='ocrx_word' id='word_1_4' title='bbox 647 253 909 340; x_wconf 70' lang='lat' dir='ltr'>anemurum.</span> <span class='ocrx_word' id='word_1_5' title='bbox 1079 275 1141 340; x_wconf 75' lang='lat'>322</span> <span class='ocrx_word' id='word_1_6' title='bbox 1258 342 1260 346; x_wconf 12' lang='grc' dir='ltr'><em>Α</em></span> 
     </span>
    </p>
   </div>
   <div class='ocr_carea' id='block_1_2' title="bbox 16 438 1261 2037">
    <p class='ocr_par' dir='ltr' id='par_1_2' title="bbox 79 438 1238 755">
     <span class='ocr_line' id='line_1_2' title="bbox 79 438 1140 518; baseline -0.001 -15"><span class='ocrx_word' id='word_1_7' title='bbox 79 443 112 503; x_wconf 82' lang='lat' dir='ltr'>in</span> <span class='ocrx_word' id='word_1_8' title='bbox 136 438 283 501; x_wconf 88' lang='lat' dir='ltr'>silentium</span> <span class='ocrx_word' id='word_1_9' title='bbox 306 438 381 499; x_wconf 85' lang='lat' dir='ltr'>fixus</span> <span class='ocrx_word' id='word_1_10' title='bbox 403 457 418 498; x_wconf 94' lang='lat' dir='ltr'>a</span> <span class='ocrx_word' id='word_1_11' title='bbox 440 457 553 499; x_wconf 89' lang='lat' dir='ltr'>summa</span> <span class='ocrx_word' id='word_1_12' title='bbox 570 457 623 518; x_wconf 86' lang='lat' dir='ltr'>spe</span> <span class='ocrx_word' id='word_1_13' title='bbox 639 439 800 500; x_wconf 86' lang='lat' dir='ltr'>novissima</span> <span class='ocrx_word' id='word_1_14' title='bbox 816 439 1011 517; x_wconf 71' lang='lat' dir='ltr'>exspectabat.</span> <span class='ocrx_word' id='word_1_15' title='bbox 1042 441 1140 503; x_wconf 86' lang='lat' dir='ltr'>Macro</span> 
     </span>
     <span class='ocr_line' id='line_1_3' title="bbox 82 522 1238 603; baseline 0 -17"><span class='ocrx_word' id='word_1_16' title='bbox 82 523 248 603; x_wconf 88' lang='lat' dir='ltr'>intrepidus</span> <span class='ocrx_word' id='word_1_17' title='bbox 270 522 395 602; x_wconf 82' lang='lat' dir='ltr'>opprimi</span> <span class='ocrx_word' id='word_1_18' title='bbox 419 541 520 584; x_wconf 87' lang='lat' dir='ltr'>senem</span> <span class='ocrx_word' id='word_1_19' title='bbox 543 523 650 584; x_wconf 88' lang='lat' dir='ltr'>iniectu</span> <span class='ocrx_word' id='word_1_20' title='bbox 679 523 786 584; x_wconf 89' lang='lat' dir='ltr'>multae</span> <span class='ocrx_word' id='word_1_21' title='bbox 812 524 904 584; x_wconf 80' lang='lat' dir='ltr'>vestis</span> <span class='ocrx_word' id='word_1_22' title='bbox 931 523 1011 585; x_wconf 87' lang='lat' dir='ltr'>iubet</span> <span class='ocrx_word' id='word_1_23' title='bbox 1040 525 1151 599; x_wconf 46' lang='lat' dir='ltr'>disces</span> <span class='ocrx_word' id='word_1_24' title='bbox 1236 544 1238 549; x_wconf 67' lang='grc'>’</span> 
     </span>
     <span class='ocr_line' id='line_1_4' title="bbox 82 603 1184 688; baseline 0.001 -18"><span class='ocrx_word' id='word_1_25' title='bbox 82 610 172 687; x_wconf 88' lang='lat' dir='ltr'>dique</span> <span class='ocrx_word' id='word_1_26' title='bbox 194 608 229 669; x_wconf 91' lang='lat' dir='ltr'>ab</span> <span class='ocrx_word' id='word_1_27' title='bbox 249 607 360 669; x_wconf 88' lang='lat' dir='ltr'>limine.</span> <span class='ocrx_word' id='word_1_28' title='bbox 397 607 447 668; x_wconf 89' lang='lat' dir='ltr'>Sic</span> <span class='ocrx_word' id='word_1_29' title='bbox 462 608 598 669; x_wconf 88' lang='lat' dir='ltr'>Tiberius</span> <span class='ocrx_word' id='word_1_30' title='bbox 620 607 722 681; x_wconf 86' lang='lat' dir='ltr'>finivit,</span> <span class='ocrx_word' id='word_1_31' title='bbox 747 618 848 669; x_wconf 85' lang='lat' dir='ltr'>octavo</span> <span class='ocrx_word' id='word_1_32' title='bbox 872 616 901 669; x_wconf 89' lang='lat' dir='ltr'>ct</span> <span class='ocrx_word' id='word_1_33' title='bbox 922 610 1139 688; x_wconf 86' lang='lat' dir='ltr'>septuagesimo</span> <span class='ocrx_word' id='word_1_34' title='bbox 1180 603 1184 614; x_wconf 21' lang='grc' dir='ltr'><strong>Χ</strong></span> 
     </span>
     <span class='ocr_line' id='line_1_5' title="bbox 86 693 295 755; baseline -0.01 0"><span class='ocrx_word' id='word_1_35' title='bbox 86 693 187 755; x_wconf 89' lang='lat' dir='ltr'>aetatis</span> <span class='ocrx_word' id='word_1_36' title='bbox 209 710 295 753; x_wconf 91' lang='lat' dir='ltr'>auno.</span> 
     </span>
    </p>

    <p class='ocr_par' dir='ltr' id='par_1_3' title="bbox 54 773 1221 1187">
     <span class='ocr_line' id='line_1_6' title="bbox 54 773 1188 859; baseline 0.003 -20"><span class='ocrx_word' id='word_1_37' title='bbox 54 792 74 839; x_wconf 71' lang='lat'>5</span> <span class='ocrx_word' id='word_1_38' title='bbox 168 778 252 837; x_wconf 85' lang='lat' dir='ltr'>Pater</span> <span class='ocrx_word' id='word_1_39' title='bbox 274 777 299 837; x_wconf 89' lang='lat' dir='ltr'>ei</span> <span class='ocrx_word' id='word_1_40' title='bbox 322 773 400 835; x_wconf 86' lang='lat' dir='ltr'>Nero</span> <span class='ocrx_word' id='word_1_41' title='bbox 424 784 454 835; x_wconf 84' lang='lat' dir='ltr'>ct</span> <span class='ocrx_word' id='word_1_42' title='bbox 474 775 620 859; x_wconf 76' lang='lat' dir='ltr'><strong>utrimque</strong></span> <span class='ocrx_word' id='word_1_43' title='bbox 643 776 725 854; x_wconf 85' lang='lat' dir='ltr'>origo</span> <span class='ocrx_word' id='word_1_44' title='bbox 749 778 844 855; x_wconf 85' lang='lat' dir='ltr'>gentis</span> <span class='ocrx_word' id='word_1_45' title='bbox 865 777 1010 849; x_wconf 81' lang='lat' dir='ltr'>Claudiae,</span> <span class='ocrx_word' id='word_1_46' title='bbox 1033 795 1136 855; x_wconf 86' lang='lat' dir='ltr'>quatu-</span> <span class='ocrx_word' id='word_1_47' title='bbox 1150 781 1188 842; x_wconf 84' lang='lat'>51</span> 
     </span>
     <span class='ocr_line' id='line_1_7' title="bbox 84 860 1138 941; baseline 0 -18"><span class='ocrx_word' id='word_1_48' title='bbox 84 881 169 941; x_wconf 92' lang='lat' dir='ltr'>quam</span> <span class='ocrx_word' id='word_1_49' title='bbox 192 870 284 922; x_wconf 90' lang='lat' dir='ltr'>mater</span> <span class='ocrx_word' id='word_1_50' title='bbox 305 860 334 920; x_wconf 91' lang='lat' dir='ltr'>in</span> <span class='ocrx_word' id='word_1_51' title='bbox 357 860 468 920; x_wconf 86' lang='lat' dir='ltr'>Liviam</span> <span class='ocrx_word' id='word_1_52' title='bbox 489 868 518 920; x_wconf 87' lang='lat' dir='ltr'>et</span> <span class='ocrx_word' id='word_1_53' title='bbox 544 879 612 920; x_wconf 81' lang='lat' dir='ltr'>nior</span> <span class='ocrx_word' id='word_1_54' title='bbox 633 860 734 921; x_wconf 93' lang='lat' dir='ltr'>luliam</span> <span class='ocrx_word' id='word_1_55' title='bbox 762 861 897 923; x_wconf 80' lang='lat' dir='ltr'>familiam</span> <span class='ocrx_word' id='word_1_56' title='bbox 930 862 1138 940; x_wconf 78' lang='lat' dir='ltr'>adoptionibus</span> 
     </span>
     <span class='ocr_line' id='line_1_8' title="bbox 83 943 1138 1025; baseline -0.002 -17"><span class='ocrx_word' id='word_1_57' title='bbox 83 946 242 1008; x_wconf 83' lang='lat' dir='ltr'>transierit.</span> <span class='ocrx_word' id='word_1_58' title='bbox 298 945 391 1005; x_wconf 85' lang='lat' dir='ltr'>Casus</span> <span class='ocrx_word' id='word_1_59' title='bbox 419 945 512 1022; x_wconf 90' lang='lat' dir='ltr'>prima</span> <span class='ocrx_word' id='word_1_60' title='bbox 541 943 576 1004; x_wconf 93' lang='lat' dir='ltr'>ab</span> <span class='ocrx_word' id='word_1_61' title='bbox 609 945 731 1006; x_wconf 74' lang='lat' dir='ltr'>inlantia&#39;</span> <span class='ocrx_word' id='word_1_62' title='bbox 762 946 914 1025; x_wconf 87' lang='lat' dir='ltr'>ancipites.</span> <span class='ocrx_word' id='word_1_63' title='bbox 965 947 1037 1006; x_wconf 88' lang='lat' dir='ltr'>Nam</span> <span class='ocrx_word' id='word_1_64' title='bbox 1065 965 1138 1025; x_wconf 92' lang='lat' dir='ltr'>pro·</span> 
     </span>
     <span class='ocr_line' id='line_1_9' title="bbox 81 1029 1221 1110; baseline 0 -18"><span class='ocrx_word' id='word_1_65' title='bbox 81 1031 225 1109; x_wconf 89' lang='lat' dir='ltr'>scriptum</span> <span class='ocrx_word' id='word_1_66' title='bbox 247 1037 361 1108; x_wconf 92' lang='lat' dir='ltr'>patrem&#39;</span> <span class='ocrx_word' id='word_1_67' title='bbox 382 1029 464 1090; x_wconf 83' lang='lat' dir='ltr'>exsul</span> <span class='ocrx_word' id='word_1_68' title='bbox 485 1037 614 1102; x_wconf 86' lang='lat' dir='ltr'>secutus,</span> <span class='ocrx_word' id='word_1_69' title='bbox 637 1029 686 1090; x_wconf 91' lang='lat' dir='ltr'>ubi</span> <span class='ocrx_word' id='word_1_70' title='bbox 708 1031 827 1092; x_wconf 89' lang='lat' dir='ltr'>domum</span> <span class='ocrx_word' id='word_1_71' title='bbox 845 1031 966 1109; x_wconf 80' lang='lat' dir='ltr'>Augusti</span> <span class='ocrx_word' id='word_1_72' title='bbox 989 1031 1139 1110; x_wconf 82' lang='lat' dir='ltr'>privignus</span> <span class='ocrx_word' id='word_1_73' title='bbox 1219 1089 1221 1092; x_wconf 84' lang='grc'><em>,</em></span> 
     </span>
     <span class='ocr_line' id='line_1_10' title="bbox 82 1112 1140 1187; baseline 0 -11"><span class='ocrx_word' id='word_1_74' title='bbox 82 1116 211 1187; x_wconf 91' lang='lat' dir='ltr'>introiit,</span> <span class='ocrx_word' id='word_1_75' title='bbox 244 1113 343 1175; x_wconf 86' lang='lat' dir='ltr'>multis</span> <span class='ocrx_word' id='word_1_76' title='bbox 371 1112 492 1173; x_wconf 83' lang='lat' dir='ltr'>aemulis</span> <span class='ocrx_word' id='word_1_77' title='bbox 520 1114 703 1174; x_wconf 86' lang='lat' dir='ltr'>conflictatus</span> <span class='ocrx_word' id='word_1_78' title='bbox 738 1114 798 1186; x_wconf 66' lang='lat' dir='ltr'>est‘,</span> <span class='ocrx_word' id='word_1_79' title='bbox 832 1116 900 1176; x_wconf 90' lang='lat' dir='ltr'>dum</span> <span class='ocrx_word' id='word_1_80' title='bbox 929 1116 1080 1177; x_wconf 79' lang='lat' dir='ltr'>Marcellus</span> <span class='ocrx_word' id='word_1_81' title='bbox 1111 1125 1140 1177; x_wconf 86' lang='lat' dir='ltr'>et</span> 
     </span>
    </p>

    <p class='ocr_par' dir='ltr' id='par_1_4' title="bbox 42 1197 1242 1617">
     <span class='ocr_line' id='line_1_11' title="bbox 42 1197 1140 1280; baseline -0.002 -18"><span class='ocrx_word' id='word_1_82' title='bbox 42 1215 73 1264; x_wconf 85' lang='lat' dir='ltr'>tu</span> <span class='ocrx_word' id='word_1_83' title='bbox 83 1201 221 1280; x_wconf 83' lang='lat' dir='ltr'>Agrippa,</span> <span class='ocrx_word' id='word_1_84' title='bbox 245 1217 312 1259; x_wconf 82' lang='lat' dir='ltr'>mox</span> <span class='ocrx_word' id='word_1_85' title='bbox 335 1197 424 1273; x_wconf 85' lang='lat' dir='ltr'>Gaius</span> <span class='ocrx_word' id='word_1_86' title='bbox 446 1198 612 1276; x_wconf 87' lang='lat' dir='ltr'>Luciusque</span> <span class='ocrx_word' id='word_1_87' title='bbox 635 1198 774 1260; x_wconf 84' lang='lat' dir='ltr'>Caesares</span> <span class='ocrx_word' id='word_1_88' title='bbox 794 1201 926 1278; x_wconf 79' lang='lat' dir='ltr'>viguere.</span> <span class='ocrx_word' id='word_1_89' title='bbox 963 1199 1056 1261; x_wconf 84' lang='lat' dir='ltr'>Etiam</span> <span class='ocrx_word' id='word_1_90' title='bbox 1078 1202 1140 1261; x_wconf 88' lang='lat' dir='ltr'>lra-</span> 
     </span>
     <span class='ocr_line' id='line_1_12' title="bbox 83 1277 1140 1360; baseline 0 -14"><span class='ocrx_word' id='word_1_91' title='bbox 83 1296 128 1347; x_wconf 88' lang='lat' dir='ltr'>ter</span> <span class='ocrx_word' id='word_1_92' title='bbox 150 1285 213 1345; x_wconf 89' lang='lat' dir='ltr'>cius</span> <span class='ocrx_word' id='word_1_93' title='bbox 236 1283 351 1350; x_wconf 87' lang='lat' dir='ltr'>llrusus</span> <span class='ocrx_word' id='word_1_94' title='bbox 373 1277 565 1360; x_wconf 78' lang='lat' dir='ltr'>prosperiore</span> <span class='ocrx_word' id='word_1_95' title='bbox 586 1283 692 1343; x_wconf 86' lang='lat' dir='ltr'>civium</span> <span class='ocrx_word' id='word_1_96' title='bbox 714 1303 815 1344; x_wconf 90' lang='lat' dir='ltr'>amore</span> <span class='ocrx_word' id='word_1_97' title='bbox 837 1292 909 1345; x_wconf 87' lang='lat' dir='ltr'>orat.</span> <span class='ocrx_word' id='word_1_98' title='bbox 942 1284 999 1344; x_wconf 88' lang='lat' dir='ltr'>Sed</span> <span class='ocrx_word' id='word_1_99' title='bbox 1016 1284 1140 1347; x_wconf 84' lang='lat' dir='ltr'>maxime</span> 
     </span>
     <span class='ocr_line' id='line_1_13' title="bbox 84 1367 1141 1448; baseline 0.001 -18"><span class='ocrx_word' id='word_1_100' title='bbox 84 1372 113 1430; x_wconf 87' lang='lat' dir='ltr'>iu</span> <span class='ocrx_word' id='word_1_101' title='bbox 141 1368 254 1430; x_wconf 90' lang='lat' dir='ltr'>lubrico</span> <span class='ocrx_word' id='word_1_102' title='bbox 284 1367 342 1444; x_wconf 84' lang='lat' dir='ltr'>egit</span> <span class='ocrx_word' id='word_1_103' title='bbox 370 1378 485 1444; x_wconf 87' lang='lat' dir='ltr'>accepta</span> <span class='ocrx_word' id='word_1_104' title='bbox 515 1368 545 1426; x_wconf 90' lang='lat' dir='ltr'>in</span> <span class='ocrx_word' id='word_1_105' title='bbox 573 1368 791 1428; x_wconf 85' lang='lat' dir='ltr'>matrimonium</span> <span class='ocrx_word' id='word_1_106' title='bbox 819 1368 906 1438; x_wconf 84' lang='lat' dir='ltr'>lulla,</span> <span class='ocrx_word' id='word_1_107' title='bbox 940 1369 1141 1448; x_wconf 87' lang='lat' dir='ltr'>inpudicitiam</span> 
     </span>
     <span class='ocr_line' id='line_1_14' title="bbox 84 1451 1242 1530; baseline 0.001 -16"><span class='ocrx_word' id='word_1_108' title='bbox 84 1455 185 1514; x_wconf 83' lang='lat' dir='ltr'>uxoris</span> <span class='ocrx_word' id='word_1_109' title='bbox 209 1452 340 1513; x_wconf 86' lang='lat' dir='ltr'>tolerans</span> <span class='ocrx_word' id='word_1_110' title='bbox 362 1463 412 1512; x_wconf 91' lang='lat' dir='ltr'>aut</span> <span class='ocrx_word' id='word_1_111' title='bbox 434 1451 594 1512; x_wconf 88' lang='lat' dir='ltr'>declinans.</span> <span class='ocrx_word' id='word_1_112' title='bbox 631 1451 704 1512; x_wconf 89' lang='lat' dir='ltr'>llein</span> <span class='ocrx_word' id='word_1_113' title='bbox 726 1453 830 1513; x_wconf 87' lang='lat' dir='ltr'>llbodo</span> <span class='ocrx_word' id='word_1_114' title='bbox 854 1472 1010 1530; x_wconf 87' lang='lat' dir='ltr'>regressus</span> <span class='ocrx_word' id='word_1_115' title='bbox 1032 1473 1140 1516; x_wconf 87' lang='lat' dir='ltr'>vacuos</span> <span class='ocrx_word' id='word_1_116' title='bbox 1235 1511 1242 1515; x_wconf 85' lang='lat'>.</span> 
     </span>
     <span class='ocr_line' id='line_1_15' title="bbox 85 1535 1141 1617; baseline 0.001 -19"><span class='ocrx_word' id='word_1_117' title='bbox 85 1537 227 1617; x_wconf 89' lang='lat' dir='ltr'>principis</span> <span class='ocrx_word' id='word_1_118' title='bbox 255 1545 377 1615; x_wconf 86' lang='lat' dir='ltr'>penates</span> <span class='ocrx_word' id='word_1_119' title='bbox 405 1536 558 1596; x_wconf 89' lang='lat' dir='ltr'>duodecim</span> <span class='ocrx_word' id='word_1_120' title='bbox 587 1535 691 1612; x_wconf 75' lang='lat' dir='ltr'>aurcis,</span> <span class='ocrx_word' id='word_1_121' title='bbox 723 1557 792 1598; x_wconf 85' lang='lat' dir='ltr'>mox</span> <span class='ocrx_word' id='word_1_122' title='bbox 820 1537 861 1598; x_wconf 88' lang='lat' dir='ltr'>rei</span> <span class='ocrx_word' id='word_1_123' title='bbox 884 1538 1033 1598; x_wconf 85' lang='lat' dir='ltr'>Romanae</span> <span class='ocrx_word' id='word_1_124' title='bbox 1061 1538 1141 1600; x_wconf 90' lang='lat' dir='ltr'>arbi-</span> 
     </span>
    </p>

    <p class='ocr_par' dir='ltr' id='par_1_5' title="bbox 45 1619 1240 1784">
     <span class='ocr_line' id='line_1_16' title="bbox 45 1619 1240 1702; baseline -0.001 -18"><span class='ocrx_word' id='word_1_125' title='bbox 45 1636 74 1684; x_wconf 85' lang='lat' dir='ltr'>t5</span> <span class='ocrx_word' id='word_1_126' title='bbox 87 1625 175 1684; x_wconf 88' lang='lat' dir='ltr'>trium</span> <span class='ocrx_word' id='word_1_127' title='bbox 199 1621 292 1688; x_wconf 88' lang='lat' dir='ltr'>tribus</span> <span class='ocrx_word' id='word_1_128' title='bbox 314 1621 407 1680; x_wconf 83' lang='lat' dir='ltr'>forme</span> <span class='ocrx_word' id='word_1_129' title='bbox 431 1628 460 1680; x_wconf 86' lang='lat' dir='ltr'>et</span> <span class='ocrx_word' id='word_1_130' title='bbox 482 1619 738 1697; x_wconf 83' lang='lat' dir='ltr'>viginti&#39;obtinuit.</span> <span class='ocrx_word' id='word_1_131' title='bbox 787 1622 901 1682; x_wconf 89' lang='lat' dir='ltr'>lllorum</span> <span class='ocrx_word' id='word_1_132' title='bbox 924 1641 1041 1700; x_wconf 92' lang='lat' dir='ltr'>quoque</span> <span class='ocrx_word' id='word_1_133' title='bbox 1062 1632 1139 1684; x_wconf 87' lang='lat' dir='ltr'>tem·</span> <span class='ocrx_word' id='word_1_134' title='bbox 1237 1698 1240 1702; x_wconf 18' lang='grc' dir='ltr'>ι</span> 
     </span>
     <span class='ocr_line' id='line_1_17' title="bbox 84 1696 1138 1784; baseline 0.001 -18"><span class='ocrx_word' id='word_1_135' title='bbox 84 1726 156 1784; x_wconf 91' lang='lat' dir='ltr'>pora</span> <span class='ocrx_word' id='word_1_136' title='bbox 178 1696 219 1766; x_wconf 77' lang='lat' dir='ltr'>itti</span> <span class='ocrx_word' id='word_1_137' title='bbox 241 1705 372 1766; x_wconf 86' lang='lat' dir='ltr'>diversa:</span> <span class='ocrx_word' id='word_1_138' title='bbox 401 1704 550 1782; x_wconf 76' lang='lat' dir='ltr'>egregium</span> <span class='ocrx_word' id='word_1_139' title='bbox 573 1703 629 1764; x_wconf 85' lang='lat' dir='ltr'>vita</span> <span class='ocrx_word' id='word_1_140' title='bbox 652 1705 803 1782; x_wconf 79' lang='lat' dir='ltr'>famaque,</span> <span class='ocrx_word' id='word_1_141' title='bbox 826 1706 922 1784; x_wconf 90' lang='lat' dir='ltr'>quoad</span> <span class='ocrx_word' id='word_1_142' title='bbox 944 1706 1072 1784; x_wconf 82' lang='lat' dir='ltr'>privatus</span> <span class='ocrx_word' id='word_1_143' title='bbox 1094 1707 1138 1768; x_wconf 79' lang='lat' dir='ltr'>vel</span> 
     </span>
    </p>

    <p class='ocr_par' dir='ltr' id='par_1_6' title="bbox 16 1787 1139 1869">
     <span class='ocr_line' id='line_1_18' title="bbox 16 1787 1139 1869; baseline -0.001 -18"><span class='ocrx_word' id='word_1_144' title='bbox 16 1817 24 1823; x_wconf 86' lang='lat'><strong>·</strong></span> <span class='ocrx_word' id='word_1_145' title='bbox 85 1792 114 1851; x_wconf 93' lang='lat' dir='ltr'>in</span> <span class='ocrx_word' id='word_1_146' title='bbox 137 1790 267 1868; x_wconf 87' lang='lat' dir='ltr'>imperiis</span> <span class='ocrx_word' id='word_1_147' title='bbox 290 1790 345 1850; x_wconf 90' lang='lat' dir='ltr'>sub</span> <span class='ocrx_word' id='word_1_148' title='bbox 367 1791 499 1866; x_wconf 79' lang='lat' dir='ltr'>Augusto</span> <span class='ocrx_word' id='word_1_149' title='bbox 523 1787 591 1861; x_wconf 83' lang='lat' dir='ltr'>luit3</span> <span class='ocrx_word' id='word_1_150' title='bbox 625 1789 769 1849; x_wconf 88' lang='lat' dir='ltr'>occultum</span> <span class='ocrx_word' id='word_1_151' title='bbox 790 1808 824 1849; x_wconf 91' lang='lat' dir='ltr'>ao</span> <span class='ocrx_word' id='word_1_152' title='bbox 846 1789 1001 1850; x_wconf 90' lang='lat' dir='ltr'>subdolum</span> <span class='ocrx_word' id='word_1_153' title='bbox 1024 1790 1139 1869; x_wconf 82' lang='lat' dir='ltr'>fingen-</span> 
     </span>
    </p>

    <p class='ocr_par' dir='ltr' id='par_1_7' title="bbox 86 1872 1140 1952">
     <span class='ocr_line' id='line_1_19' title="bbox 86 1872 1140 1952; baseline 0 -17"><span class='ocrx_word' id='word_1_154' title='bbox 86 1875 132 1935; x_wconf 89' lang='lat' dir='ltr'>dis</span> <span class='ocrx_word' id='word_1_155' title='bbox 155 1873 318 1946; x_wconf 75' lang='lat' dir='ltr'>virtutibuS‚</span> <span class='ocrx_word' id='word_1_156' title='bbox 342 1874 438 1935; x_wconf 89' lang='lat' dir='ltr'>donec</span> <span class='ocrx_word' id='word_1_157' title='bbox 453 1872 643 1934; x_wconf 84' lang='lat' dir='ltr'>Germanicus</span> <span class='ocrx_word' id='word_1_158' title='bbox 659 1892 693 1934; x_wconf 91' lang='lat' dir='ltr'>ac</span> <span class='ocrx_word' id='word_1_159' title='bbox 706 1874 820 1934; x_wconf 89' lang='lat' dir='ltr'>Drusus</span> <span class='ocrx_word' id='word_1_160' title='bbox 844 1875 1025 1952; x_wconf 83' lang='lat' dir='ltr'>superfuere.</span> <span class='ocrx_word' id='word_1_161' title='bbox 1058 1874 1140 1936; x_wconf 80' lang='lat' dir='ltr'>Idem</span> 
     </span>
    </p>

    <p class='ocr_par' dir='ltr' id='par_1_8' title="bbox 85 1957 1261 2037">
     <span class='ocr_line' id='line_1_20' title="bbox 85 1957 1261 2037; baseline -0.006 -17"><span class='ocrx_word' id='word_1_162' title='bbox 85 1959 162 2020; x_wconf 88' lang='lat' dir='ltr'>inter</span> <span class='ocrx_word' id='word_1_163' title='bbox 183 1959 259 2023; x_wconf 84' lang='lat' dir='ltr'>bona</span> <span class='ocrx_word' id='word_1_164' title='bbox 281 1959 412 2037; x_wconf 88' lang='lat' dir='ltr'>malaque</span> <span class='ocrx_word' id='word_1_165' title='bbox 436 1958 544 2019; x_wconf 83' lang='lat' dir='ltr'>mixtus</span> <span class='ocrx_word' id='word_1_166' title='bbox 566 1957 705 2031; x_wconf 85' lang='lat' dir='ltr'>incolumi</span> <span class='ocrx_word' id='word_1_167' title='bbox 733 1967 842 2030; x_wconf 86' lang='lat' dir='ltr'>matrc;</span> <span class='ocrx_word' id='word_1_168' title='bbox 871 1957 1047 2019; x_wconf 82' lang='lat' dir='ltr'>intestabilis</span> <span class='ocrx_word' id='word_1_169' title='bbox 1066 1977 1139 2023; x_wconf 89' lang='lat' dir='ltr'>sac·</span> <span class='ocrx_word' id='word_1_170' title='bbox 1222 2030 1224 2036; x_wconf 18' lang='grc' dir='ltr'><strong><em>Α</em></strong></span> <span class='ocrx_word' id='word_1_171' title='bbox 1259 2008 1261 2013; x_wconf 40' lang='grc'><strong>.</strong></span> 
     </span>
    </p>
   </div>
   <div class='ocr_carea' id='block_1_3' title="bbox 71 2127 1139 2294">
    <p class='ocr_par' dir='ltr' id='par_1_9' title="bbox 71 2127 1139 2294">
     <span class='ocr_line' id='line_1_21' title="bbox 82 2127 1139 2211; baseline -0.001 -21"><span class='ocrx_word' id='word_1_172' title='bbox 82 2139 234 2208; x_wconf 87' lang='lat' dir='ltr'>postremo</span> <span class='ocrx_word' id='word_1_173' title='bbox 257 2129 287 2190; x_wconf 93' lang='lat' dir='ltr'>in</span> <span class='ocrx_word' id='word_1_174' title='bbox 311 2128 422 2190; x_wconf 91' lang='lat' dir='ltr'>scelera</span> <span class='ocrx_word' id='word_1_175' title='bbox 451 2127 538 2189; x_wconf 86' lang='lat' dir='ltr'>simul</span> <span class='ocrx_word' id='word_1_176' title='bbox 566 2146 599 2188; x_wconf 88' lang='lat' dir='ltr'>ac</span> <span class='ocrx_word' id='word_1_177' title='bbox 627 2127 769 2211; x_wconf 84' lang='lat' dir='ltr'>dedecora</span> <span class='ocrx_word' id='word_1_178' title='bbox 798 2127 948 2206; x_wconf 83' lang='lat' dir='ltr'>prorupit,</span> <span class='ocrx_word' id='word_1_179' title='bbox 982 2136 1139 2207; x_wconf 91' lang='lat' dir='ltr'>postquam</span> 
     </span>
     <span class='ocr_line' id='line_1_22' title="bbox 71 2213 1008 2294; baseline -0.003 -20"><span class='ocrx_word' id='word_1_180' title='bbox 71 2223 196 2275; x_wconf 81' lang='lat' dir='ltr'>remoto</span> <span class='ocrx_word' id='word_1_181' title='bbox 218 2215 333 2294; x_wconf 87' lang='lat' dir='ltr'>pudore</span> <span class='ocrx_word' id='word_1_182' title='bbox 356 2221 385 2274; x_wconf 89' lang='lat' dir='ltr'>et</span> <span class='ocrx_word' id='word_1_183' title='bbox 406 2220 485 2274; x_wconf 88' lang='lat' dir='ltr'>motu</span> <span class='ocrx_word' id='word_1_184' title='bbox 509 2231 564 2273; x_wconf 92' lang='lat' dir='ltr'>suo</span> <span class='ocrx_word' id='word_1_185' title='bbox 588 2219 699 2274; x_wconf 87' lang='lat' dir='ltr'>tantum</span> <span class='ocrx_word' id='word_1_186' title='bbox 722 2213 838 2292; x_wconf 88' lang='lat' dir='ltr'>ingenio</span> <span class='ocrx_word' id='word_1_187' title='bbox 863 2213 1008 2278; x_wconf 86' lang='lat' dir='ltr'>utebatur.</span> 
     </span>
    </p>
   </div>
   <div class='ocr_carea' id='block_1_4' title="bbox 76 2391 1259 2801">
    <p class='ocr_par' dir='ltr' id='par_1_10' title="bbox 76 2391 1259 2801">
     <span class='ocr_line' id='line_1_23' title="bbox 114 2391 1226 2464; baseline 0 -15"><span class='ocrx_word' id='word_1_188' title='bbox 114 2400 136 2449; x_wconf 90' lang='grc'>3.</span> <span class='ocrx_word' id='word_1_189' title='bbox 156 2404 248 2451; x_wconf 83' lang='lat' dir='ltr'>octauo</span> <span class='ocrx_word' id='word_1_190' title='bbox 261 2403 288 2448; x_wconf 85' lang='lat' dir='ltr'>el</span> <span class='ocrx_word' id='word_1_191' title='bbox 304 2400 497 2464; x_wconf 74' lang='lat' dir='ltr'>septuagesimo</span> <span class='ocrx_word' id='word_1_192' title='bbox 515 2402 587 2448; x_wconf 84' lang='lat' dir='ltr'>netu·</span> <span class='ocrx_word' id='word_1_193' title='bbox 637 2397 668 2448; x_wconf 86' lang='lat' dir='ltr'>V.</span> <span class='ocrx_word' id='word_1_194' title='bbox 681 2402 703 2449; x_wconf 86' lang='lat' dir='ltr'>l.</span> <span class='ocrx_word' id='word_1_195' title='bbox 740 2397 823 2448; x_wconf 86' lang='lat' dir='ltr'>llebcr</span> <span class='ocrx_word' id='word_1_196' title='bbox 841 2396 886 2445; x_wconf 87' lang='lat' dir='ltr'>das</span> <span class='ocrx_word' id='word_1_197' title='bbox 904 2396 1028 2458; x_wconf 78' lang='lat' dir='ltr'>Folgende</span> <span class='ocrx_word' id='word_1_198' title='bbox 1047 2395 1065 2446; x_wconf 95' lang='lat' dir='ltr'>l.</span> <span class='ocrx_word' id='word_1_199' title='bbox 1081 2398 1139 2449; x_wconf 58' lang='lat' dir='ltr'>dul.</span> <span class='ocrx_word' id='word_1_200' title='bbox 1224 2391 1226 2409; x_wconf 91' lang='lat'>&#39;</span> 
     </span>
     <span class='ocr_line' id='line_1_24' title="bbox 79 2463 1259 2519; baseline 0.004 -5"><span class='ocrx_word' id='word_1_201' title='bbox 79 2467 113 2514; x_wconf 82' lang='lat' dir='ltr'>tis</span> <span class='ocrx_word' id='word_1_202' title='bbox 131 2482 209 2517; x_wconf 84' lang='lat' dir='ltr'>anno.</span> <span class='ocrx_word' id='word_1_203' title='bbox 252 2467 322 2517; x_wconf 86' lang='lat' dir='ltr'>Soet.</span> <span class='ocrx_word' id='word_1_204' title='bbox 342 2464 426 2516; x_wconf 80' lang='lat' dir='ltr'>Tib-5</span> <span class='ocrx_word' id='word_1_205' title='bbox 444 2463 533 2516; x_wconf 82' lang='lat' dir='ltr'>Natus·</span> <span class='ocrx_word' id='word_1_206' title='bbox 550 2469 588 2515; x_wconf 81' lang='lat' dir='ltr'>ert</span> <span class='ocrx_word' id='word_1_207' title='bbox 673 2468 710 2517; x_wconf 82' lang='lat'>13.</span> <span class='ocrx_word' id='word_1_208' title='bbox 730 2464 873 2516; x_wconf 76' lang='lat' dir='ltr'>declinans.</span> <span class='ocrx_word' id='word_1_209' title='bbox 910 2465 936 2515; x_wconf 90' lang='lat' dir='ltr'>S.</span> <span class='ocrx_word' id='word_1_210' title='bbox 959 2465 1030 2516; x_wconf 77' lang='lat' dir='ltr'>ts3.</span> <span class='ocrx_word' id='word_1_211' title='bbox 1255 2512 1259 2519; x_wconf 74' lang='grc'><strong><em>,</em></strong></span> 
     </span>
     <span class='ocr_line' id='line_1_25' title="bbox 76 2531 1232 2595; baseline 0.002 -15"><span class='ocrx_word' id='word_1_212' title='bbox 76 2539 154 2583; x_wconf 78' lang='lat' dir='ltr'>serato</span> <span class='ocrx_word' id='word_1_213' title='bbox 173 2535 272 2585; x_wconf 78' lang='lat' dir='ltr'>decimo</span> <span class='ocrx_word' id='word_1_214' title='bbox 291 2532 419 2583; x_wconf 81' lang='lat' dir='ltr'>kalendae</span> <span class='ocrx_word' id='word_1_215' title='bbox 436 2533 587 2582; x_wconf 73' lang='lat' dir='ltr'>Decembris</span> <span class='ocrx_word' id='word_1_216' title='bbox 674 2535 711 2584; x_wconf 77' lang='lat'>14.</span> <span class='ocrx_word' id='word_1_217' title='bbox 731 2533 965 2595; x_wconf 81' lang='lat' dir='ltr'>duodecimonnia,</span> <span class='ocrx_word' id='word_1_218' title='bbox 978 2531 1076 2582; x_wconf 90' lang='lat' dir='ltr'>obwobl</span> <span class='ocrx_word' id='word_1_219' title='bbox 1090 2540 1143 2582; x_wconf 81' lang='lat' dir='ltr'>eret</span> <span class='ocrx_word' id='word_1_220' title='bbox 1229 2538 1232 2544; x_wconf 90' lang='lat'>&#39;</span> 
     </span>
     <span class='ocr_line' id='line_1_26' title="bbox 80 2593 1142 2664; baseline 0 -16"><span class='ocrx_word' id='word_1_221' title='bbox 80 2599 116 2648; x_wconf 92' lang='lat' dir='ltr'>M.</span> <span class='ocrx_word' id='word_1_222' title='bbox 135 2601 247 2651; x_wconf 79' lang='lat' dir='ltr'>Aemilio</span> <span class='ocrx_word' id='word_1_223' title='bbox 270 2593 381 2664; x_wconf 74' lang='lat' dir='ltr'>iteruin,</span> <span class='ocrx_word' id='word_1_224' title='bbox 409 2600 439 2650; x_wconf 87' lang='lat' dir='ltr'>L.</span> <span class='ocrx_word' id='word_1_225' title='bbox 464 2600 586 2650; x_wconf 80' lang='lat' dir='ltr'>Munatio</span> <span class='ocrx_word' id='word_1_226' title='bbox 637 2601 746 2652; x_wconf 57' lang='lat' dir='ltr'>toul.</span> <span class='ocrx_word' id='word_1_227' title='bbox 764 2601 795 2651; x_wconf 78' lang='lat' dir='ltr'>C.</span> <span class='ocrx_word' id='word_1_228' title='bbox 815 2602 895 2651; x_wconf 78' lang='lat' dir='ltr'>Cdsar</span> <span class='ocrx_word' id='word_1_229' title='bbox 912 2601 982 2651; x_wconf 85' lang='lat' dir='ltr'>stnrb</span> <span class='ocrx_word' id='word_1_230' title='bbox 1001 2600 1048 2649; x_wconf 81' lang='lat' dir='ltr'>uod</span> <span class='ocrx_word' id='word_1_231' title='bbox 1067 2598 1142 2649; x_wconf 84' lang='lat' dir='ltr'>Tibe·</span> 
     </span>
     <span class='ocr_line' id='line_1_27' title="bbox 82 2665 1143 2733; baseline 0.001 -19"><span class='ocrx_word' id='word_1_232' title='bbox 82 2666 180 2728; x_wconf 80' lang='lat' dir='ltr'>l’lqnco</span> <span class='ocrx_word' id='word_1_233' title='bbox 199 2669 347 2719; x_wconf 75' lang='lat' dir='ltr'>consulibus</span> <span class='ocrx_word' id='word_1_234' title='bbox 364 2671 439 2731; x_wconf 66' lang='lat' dir='ltr'>(liv.</span> <span class='ocrx_word' id='word_1_235' title='bbox 450 2669 515 2728; x_wconf 78' lang='lat' dir='ltr'>Cb).</span> <span class='ocrx_word' id='word_1_236' title='bbox 542 2665 587 2717; x_wconf 84' lang='lat' dir='ltr'>Sic</span> <span class='ocrx_word' id='word_1_237' title='bbox 637 2669 690 2718; x_wconf 88' lang='lat' dir='ltr'>rius</span> <span class='ocrx_word' id='word_1_238' title='bbox 708 2667 921 2733; x_wconf 65' lang='lat' dir='ltr'>adopt-inmunde,</span> <span class='ocrx_word' id='word_1_239' title='bbox 939 2667 998 2717; x_wconf 87' lang='lat' dir='ltr'>weil</span> <span class='ocrx_word' id='word_1_240' title='bbox 1010 2667 1083 2716; x_wconf 87' lang='lat' dir='ltr'>sebon</span> <span class='ocrx_word' id='word_1_241' title='bbox 1094 2667 1143 2716; x_wconf 90' lang='lat' dir='ltr'>seit</span> 
     </span>
     <span class='ocr_line' id='line_1_28' title="bbox 79 2734 1138 2801; baseline 0.002 -20"><span class='ocrx_word' id='word_1_242' title='bbox 79 2737 152 2783; x_wconf 81' lang='lat' dir='ltr'>enine</span> <span class='ocrx_word' id='word_1_243' title='bbox 177 2738 206 2784; x_wconf 85' lang='lat' dir='ltr'>in</span> <span class='ocrx_word' id='word_1_244' title='bbox 229 2736 312 2798; x_wconf 74' lang='lat' dir='ltr'>foetor</span> <span class='ocrx_word' id='word_1_245' title='bbox 341 2741 452 2801; x_wconf 82' lang='lat' dir='ltr'>octoque</span> <span class='ocrx_word' id='word_1_246' title='bbox 478 2735 587 2800; x_wconf 80' lang='lat' dir='ltr'>publica</span> <span class='ocrx_word' id='word_1_247' title='bbox 638 2737 682 2786; x_wconf 85' lang='lat' dir='ltr'>des</span> <span class='ocrx_word' id='word_1_248' title='bbox 692 2734 808 2785; x_wconf 83' lang='lat' dir='ltr'>Tiberius</span> <span class='ocrx_word' id='word_1_249' title='bbox 818 2735 951 2784; x_wconf 83' lang='lat' dir='ltr'>llriolrkebr</span> <span class='ocrx_word' id='word_1_250' title='bbox 968 2750 1016 2783; x_wconf 92' lang='lat' dir='ltr'>von</span> <span class='ocrx_word' id='word_1_251' title='bbox 1029 2735 1138 2791; x_wconf 80' lang='lat' dir='ltr'>Rhodus,</span> 
     </span>
    </p>
   </div>
   <div class='ocr_carea' id='block_1_5' title="bbox 77 2800 1252 2860">
    <p class='ocr_par' dir='ltr' id='par_1_11' title="bbox 77 2800 1252 2860">
     <span class='ocr_line' id='line_1_29' title="bbox 77 2800 1252 2860; baseline 0 -10"><span class='ocrx_word' id='word_1_252' title='bbox 77 2802 195 2852; x_wconf 72' lang='lat' dir='ltr'>rolatum</span> <span class='ocrx_word' id='word_1_253' title='bbox 220 2808 264 2854; x_wconf 82' lang='lat' dir='ltr'>eat.</span> <span class='ocrx_word' id='word_1_254' title='bbox 303 2802 360 2855; x_wconf 86' lang='lat' dir='ltr'>Neo</span> <span class='ocrx_word' id='word_1_255' title='bbox 383 2809 469 2854; x_wconf 86' lang='lat' dir='ltr'>tomen</span> <span class='ocrx_word' id='word_1_256' title='bbox 494 2803 588 2853; x_wconf 81' lang='lat' dir='ltr'>derunt</span> <span class='ocrx_word' id='word_1_257' title='bbox 637 2804 763 2860; x_wconf 70' lang='lat' dir='ltr'>lmen..</span> <span class='ocrx_word' id='word_1_258' title='bbox 794 2803 821 2853; x_wconf 89' lang='lat' dir='ltr'>C.</span> <span class='ocrx_word' id='word_1_259' title='bbox 843 2800 923 2852; x_wconf 75' lang='lat' dir='ltr'>Cdsar</span> <span class='ocrx_word' id='word_1_260' title='bbox 946 2802 1013 2852; x_wconf 85' lang='lat' dir='ltr'>nicht</span> <span class='ocrx_word' id='word_1_261' title='bbox 1029 2802 1099 2851; x_wconf 88' lang='lat' dir='ltr'>mehr·</span> <span class='ocrx_word' id='word_1_262' title='bbox 1115 2801 1141 2850; x_wconf 92' lang='lat' dir='ltr'>in</span> <span class='ocrx_word' id='word_1_263' title='bbox 1248 2814 1252 2828; x_wconf 69' lang='lat'>¹</span> 
     </span>
    </p>
   </div>
   <div class='ocr_carea' id='block_1_6' title="bbox 74 2871 1247 3200">
    <p class='ocr_par' dir='ltr' id='par_1_12' title="bbox 74 2871 1247 3141">
     <span class='ocr_line' id='line_1_30' title="bbox 79 2871 777 2936; baseline -0.003 -17"><span class='ocrx_word' id='word_1_264' title='bbox 79 2873 128 2935; x_wconf 82' lang='lat' dir='ltr'>qni</span> <span class='ocrx_word' id='word_1_265' title='bbox 133 2873 236 2936; x_wconf 79' lang='lat' dir='ltr'>partina</span> <span class='ocrx_word' id='word_1_266' title='bbox 249 2872 417 2923; x_wconf 81' lang='lat' dir='ltr'>antecedente</span> <span class='ocrx_word' id='word_1_267' title='bbox 429 2886 508 2934; x_wconf 88' lang='lat' dir='ltr'>anno,</span> <span class='ocrx_word' id='word_1_268' title='bbox 525 2871 587 2920; x_wconf 85' lang='lat' dir='ltr'>Hir·</span> <span class='ocrx_word' id='word_1_269' title='bbox 636 2871 697 2921; x_wconf 88' lang='lat' dir='ltr'>Rom</span> <span class='ocrx_word' id='word_1_270' title='bbox 715 2886 777 2921; x_wconf 88' lang='lat' dir='ltr'>war.</span> 
     </span>
     <span class='ocr_line' id='line_1_31' title="bbox 76 2935 1242 3005; baseline 0 -18"><span class='ocrx_word' id='word_1_271' title='bbox 76 2942 112 2988; x_wconf 76' lang='lat' dir='ltr'>sti</span> <span class='ocrx_word' id='word_1_272' title='bbox 129 2954 160 2989; x_wconf 86' lang='lat' dir='ltr'>oo</span> <span class='ocrx_word' id='word_1_273' title='bbox 177 2940 286 3004; x_wconf 77' lang='lat' dir='ltr'>Pansae,</span> <span class='ocrx_word' id='word_1_274' title='bbox 310 2943 410 3005; x_wconf 78' lang='lat' dir='ltr'>purtim</span> <span class='ocrx_word' id='word_1_275' title='bbox 426 2941 585 3004; x_wconf 81' lang='lat' dir='ltr'>insequente,</span> <span class='ocrx_word' id='word_1_276' title='bbox 673 2938 987 2990; x_wconf 58' lang='lat' dir='ltr'>trecentensimo.</span> <span class='ocrx_word' id='word_1_277' title='bbox 1029 2935 1082 2986; x_wconf 84' lang='lat' dir='ltr'>Deo</span> <span class='ocrx_word' id='word_1_278' title='bbox 1101 2951 1142 2987; x_wconf 87' lang='lat' dir='ltr'>or·</span> <span class='ocrx_word' id='word_1_279' title='bbox 1236 2993 1242 3004; x_wconf 48' lang='grc'>,</span> 
     </span>
     <span class='ocr_line' id='line_1_32' title="bbox 77 3003 1139 3072; baseline -0.001 -16"><span class='ocrx_word' id='word_1_280' title='bbox 77 3006 190 3057; x_wconf 79' lang='lat' dir='ltr'>Servilii</span> <span class='ocrx_word' id='word_1_281' title='bbox 205 3010 323 3058; x_wconf 70' lang='lat' dir='ltr'>[numici</span> <span class='ocrx_word' id='word_1_282' title='bbox 338 3009 501 3072; x_wconf 80' lang='lat' dir='ltr'>Antoniiqne</span> <span class='ocrx_word' id='word_1_283' title='bbox 525 3022 587 3057; x_wconf 90' lang='lat' dir='ltr'>oon·</span> <span class='ocrx_word' id='word_1_284' title='bbox 636 3015 690 3057; x_wconf 88' lang='lat' dir='ltr'>sten</span> <span class='ocrx_word' id='word_1_285' title='bbox 717 3006 847 3059; x_wconf 73' lang='lat' dir='ltr'>Abscbnitt</span> <span class='ocrx_word' id='word_1_286' title='bbox 869 3006 993 3056; x_wconf 86' lang='lat' dir='ltr'>umlnssen</span> <span class='ocrx_word' id='word_1_287' title='bbox 1018 3003 1139 3055; x_wconf 63' lang='lat' dir='ltr'>tettae.</span> 
     </span>
     <span class='ocr_line' id='line_1_33' title="bbox 74 3073 1247 3141; baseline -0.001 -17"><span class='ocrx_word' id='word_1_288' title='bbox 74 3076 175 3141; x_wconf 72' lang='lat' dir='ltr'>entatu,</span> <span class='ocrx_word' id='word_1_289' title='bbox 191 3079 313 3140; x_wconf 80' lang='lat' dir='ltr'>genitum</span> <span class='ocrx_word' id='word_1_290' title='bbox 330 3091 390 3126; x_wconf 84' lang='lat' dir='ltr'>enm</span> <span class='ocrx_word' id='word_1_291' title='bbox 406 3076 530 3125; x_wconf 76' lang='lat' dir='ltr'>scribant.</span> <span class='ocrx_word' id='word_1_292' title='bbox 620 3076 754 3126; x_wconf 63' lang='lat' dir='ltr'>›uiesdrei</span> <span class='ocrx_word' id='word_1_293' title='bbox 779 3083 876 3134; x_wconf 80' lang='lat' dir='ltr'>ersten,</span> <span class='ocrx_word' id='word_1_294' title='bbox 908 3075 972 3124; x_wconf 86' lang='lat' dir='ltr'>dann</span> <span class='ocrx_word' id='word_1_295' title='bbox 993 3074 1072 3138; x_wconf 85' lang='lat' dir='ltr'>jeden</span> <span class='ocrx_word' id='word_1_296' title='bbox 1100 3073 1144 3124; x_wconf 84' lang='lat' dir='ltr'>ein</span> <span class='ocrx_word' id='word_1_297' title='bbox 1243 3128 1247 3138; x_wconf 38' lang='grc' dir='ltr'>Ι</span> 
     </span>
    </p>

    <p class='ocr_par' dir='ltr' id='par_1_13' title="bbox 111 3138 710 3200">
     <span class='ocr_line' id='line_1_34' title="bbox 111 3138 710 3200; baseline -0.002 -5"><span class='ocrx_word' id='word_1_298' title='bbox 111 3138 159 3200; x_wconf 83' lang='grc'>51.</span> <span class='ocrx_word' id='word_1_299' title='bbox 192 3148 214 3195; x_wconf 83' lang='grc'>5.</span> <span class='ocrx_word' id='word_1_300' title='bbox 239 3143 313 3195; x_wconf 85' lang='lat' dir='ltr'>ll&#39;ero</span> <span class='ocrx_word' id='word_1_301' title='bbox 342 3159 448 3194; x_wconf 90' lang='lat' dir='ltr'>u.s.w.</span> <span class='ocrx_word' id='word_1_302' title='bbox 501 3142 527 3192; x_wconf 92' lang='lat' dir='ltr'>S.</span> <span class='ocrx_word' id='word_1_303' title='bbox 553 3157 585 3192; x_wconf 83' lang='lat' dir='ltr'>an</span> <span class='ocrx_word' id='word_1_304' title='bbox 634 3144 710 3194; x_wconf 86' lang='lat' dir='ltr'>Bueh.</span> 
     </span>
    </p>
   </div>
   <div class='ocr_carea' id='block_1_7' title="bbox 0 0 1280 4350">
    <p class='ocr_par' dir='ltr' id='par_1_14' title="bbox 0 0 1280 4350">
     <span class='ocr_line' id='line_1_35' title="bbox 0 0 1280 4350; baseline 0 0"><span class='ocrx_word' id='word_1_305' title='bbox 0 0 1280 4350; x_wconf 95' lang='lat' dir='ltr'> </span> 
     </span>
    </p>
   </div>
  </div>
 </body>
</html>
