2550 4350
106 300 226 362 penas)
296 296 337 347 as
355 296 820 359 excussomvuaooosrrxv.
837 275 1020 354 m.ro.u.''
1094 293 1190 375 1673
1269 346 1274 353 ,

98 456 151 516 -via
178 453 331 514 baberent
377 451 442 512 Sibi
467 451 616 532 promissa
644 452 743 530 legum
772 452 823 516 diu
854 462 1005 533 expectata
1026 455 1058 517 in
1078 456 1154 518 ludi-

104 541 202 601 brium
236 536 318 608 verti,
353 536 470 616 quando
504 537 570 616 quis
602 536 669 599 sina
701 537 901 625 sollicitudine
933 557 1055 617 parens,
1089 541 1154 603 sine

103 625 185 685 luctu
212 620 302 683 orbus
323 620 412 699 longa
433 629 551 700 patrum
571 631 638 688 rota
660 628 783 700 repente
804 623 993 703 adaequaret.
1034 625 1158 687 Factrrm

105 727 141 769 ex
170 726 206 770 eo
234 715 356 768 senatus
382 707 553 769 'consultum
579 726 617 767 ne
639 706 776 768 simulata
797 708 917 787 adoptio
940 708 971 769 in
992 708 1051 769 ulla
1071 721 1155 790 parte

78 791 237 939 5p1uneris
256 790 369 870 publici
390 790 503 854 iuvaret
524 809 560 852 ac
581 810 619 852 ne
640 790 821 871 usurpandis
842 792 961 872 quidem
976 794 1155 856 -bereditati-

125 896 159 939 us
181 876 351 957 prodesset.
624 920 627 932 .
688 902 691 911 .
1235 882 1238 886 '

187 960 270 1021 Exim
293 958 432 1022 Claudius
456 959 630 1021 Timarchus
653 960 804 1022 Cretensis
826 979 895 1021 reos
917 960 1022 1039 agitur,
1045 963 1152 1024 ceteris
1165 967 1204 1029 20

104 1045 289 1116 criminibus,
319 1053 351 1106 ut
373 1043 471 1105 solent
491 1042 654 1122 praevalidi
681 1045 907 1124 provincialium
930 1056 959 1107 et
980 1046 1086 1126 opibus
1108 1048 1163 1108 ni·'

102 1130 172 1191 miis
205 1131 241 1191 ad
274 1127 400 1189 iniurias
433 1127 581 1190 minorum
615 1129 701 1190 elati:
733 1149 793 1192 una
818 1149 875 1191 vox
902 1130 966 1192 eius
995 1150 1089 1211 usque
1116 1133 1154 1194 ad

62 1213 314 1278 10contumeliam
342 1222 463 1274 senatus
491 1221 711 1294 penetraverat,
744 1214 824 1294 quod
853 1213 1021 1277 dictitasset
1047 1216 1079 1276 in
1100 1234 1153 1278 sna

100 1307 250 1380 potestate
277 1297 367 1357 situm
397 1315 434 1357 an
457 1297 702 1375 proconsulibus,
732 1299 782 1378 qui
806 1299 921 1361 Cretam
944 1300 1153 1375 obtinuissent,
1195 1309 1200 1325 ‘

102 1391 201 1463 grates
224 1390 389 1459 agerentur.
429 1380 523 1456 Quam
546 1382 735 1444 occasionem
757 1382 865 1445 Paetus
888 1383 1019 1446 Thrasea
1040 1385 1077 1447 ad
1098 1385 1153 1447 bo-

101 1487 172 1530 num
194 1467 344 1546 publicum
366 1473 493 1538 vertens,
515 1479 675 1546 postquam
697 1468 734 1528 de
755 1486 807 1529 reo
830 1480 988 1532 censuerat
1001 1469 1153 1549 prouincia

102 1554 187 1615 Creta
209 1550 428 1630 depellendum,
451 1549 526 1611 baec
548 1551 671 1612 addidit.
714 1551 776 1613 Usu
796 1553 952 1631 probatum
974 1563 1028 1626 est,
1053 1563 1154 1634 patres

62 1633 276 1715 tt'conscripti,
304 1635 385 1712 leges
415 1635 559 1712 egregias,
589 1634 724 1713 exempla
746 1635 870 1696 honesta
900 1639 978 1714 apud
1000 1637 1096 1699 bonos
1118 1659 1154 1700 ex

103 1720 220 1782 delictis
248 1720 373 1781 aliorum
395 1718 486 1796 gigni.
529 1718 580 1780 Sic
602 1729 752 1781 oratorum
773 1719 893 1782 licentia
915 1721 1046 1782 Cinciam
1066 1739 1169 1800 roga·
1245 1768 1249 1777 .

100 1806 228 1877 tionem,
261 1804 485 1879 candidatorum
520 1803 647 1865 ambitus
679 1802 769 1864 lulias
801 1804 899 1881 leges,
927 1805 1152 1882 magistratuum

100 1890 222 1954 avaritia
245 1889 403 1969 Calpurnia
427 1888 501 1950 scita
523 1888 712 1968 pepererunt.
743 1887 925 1967 Namculpa
948 1906 1035 1969 quam
1056 1907 1154 1970 poena

100 1985 236 2055 tempore
256 1975 348 2054 prior,
373 1973 524 2034 emendari
547 1992 634 2052 quam
655 1991 782 2053 peccare
799 1974 953 2052 posterius
977 1982 1033 2035 ost.
1075 1974 1152 2053 Ergo
1172 2015 1175 2019 ·

60 2061 243 2124 tuadversus
270 2076 374 2120 noram
402 2058 630 2137 provincialium
659 2057 830 2138 snperbiam
859 2057 978 2136 dignum
999 2058 1058 2121 fide
1081 2078 1151 2120 con·

104 2145 270 2223 stantiaque
297 2145 429 2204 Romana
458 2143 610 2222 capiamus
639 2142 807 2216 consilium,
839 2160 898 2222 quo
921 2141 1030 2205 tutelae
1053 2144 1167 2206 socio·¹

101 2248 166 2290 rom
196 2228 270 2290 nibil
290 2228 466 2308 derogetur,
495 2228 583 2290 nobis
611 2227 714 2308 opinio
745 2227 878 2301 decedat,
909 2228 1150 2309 qualisquisque
1192 2233 1200 2288 ,ἶ

100 2313 251 2384 habeatur,
280 2313 351 2375 alibi
379 2332 466 2393 quam
494 2314 526 2375 in
550 2313 656 2375 civium
678 2312 790 2374 iudicio
814 2331 891 2374 esse.
936 2311 1013 2374 Olim
1032 2315 1200 2391 quidem21
1265 2365 1267 2372 .

99 2418 159 2460 non
182 2399 271 2458 modo
293 2407 414 2476 praetor
440 2406 491 2458 aut
512 2399 617 2460 consul
638 2398 691 2461 scd
713 2397 825 2477 privati,
843 2397 930 2459 etiam
953 2397 1151 2472 mittebantur,
1224 2418 1236 2458 ‘.

60 2495 90 2544 25
103 2483 154 2560 qui
184 2481 353 2559 provincias
380 2482 511 2541 viserent
533 2482 655 2562 etquid
677 2482 715 2543 de
737 2483 882 2564 cuiusque
904 2482 1049 2562 obsequio
1072 2483 1152 2546 vide-

100 2572 183 2626 retur
204 2565 367 2636 reserrent3
396 2563 644 2644 trepidabantque
666 2576 769 2641 gentes
792 2568 828 2628 de
851 2567 1069 2628 existimatione
1084 2570 1151 2628 sin-

102 2648 246 2727 gulorum.
288 2648 326 2707 m
353 2664 432 2708 nunc
460 2647 586 2708 colimus
615 2658 752 2709 externos
774 2656 804 2709 et
825 2648 993 2723 adulamur;
1026 2659 1056 2710 et
1078 2669 1151 2728 quo·

100 2732 189 2796 modo
222 2731 257 2792 ad
291 2742 393 2793 nutum
426 2730 552 2792 alicuius
585 2740 698 2809 grates,
730 2732 771 2791 ita
802 2732 970 2810 promptius
1002 2736 1151 2795 accusatio

95 2917 189 2969 hielten
211 2915 248 2966 sie
275 2915 315 2965 die
333 2916 441 2974 Aemter,
468 2912 556 2965 sobald
574 2929 601 2965 es
650 2912 736 2965 Plura]
760 2912 889 2963 entweder
914 2927 1002 2975 wcgen
1026 2914 1072 2964 der
1087 2915 1154 2965 meb-

95 2987 136 3038 die
155 2985 261 3036 Gcsctze
279 2991 439 3047 gestattetcn.
650 2996 725 3032 reren
743 2980 888 3032 Abscbnitto
908 2981 1026 3047 (capitu)
1039 2982 1090 3034 des
1105 2981 1155 3034 Ge-

130 3058 154 3107 5.
174 3053 336 3120 umrpaudta
353 3051 548 3102 hereditatibus.
571 3049 597 3101 S.
650 3058 733 3100 setzcs
754 3054 785 3110 (s.
805 3047 848 3099 lll.
867 3042 910 3109 33)
939 3049 1001 3099 oder
1022 3049 1082 3101 weil
1104 3049 1153 3103 tam
1265 3094 1268 3101 .

96 3139 127 3172 au
144 3121 187 3172 lll.
209 3124 250 3173 28.
650 3117 705 3168 cine
724 3115 816 3168 andere
835 3116 879 3166 lou
895 3114 966 3166 Iulio
984 3116 1028 3169 des
1039 3117 1154 3172 Dictator

130 3186 249 3245 20:12.
273 3195 365 3254 gratas
388 3191 533 3255 agerentur
558 3187 600 3238 ldr
650 3184 730 3237 Cdsar
748 3183 905 3248 vorlergtng.
925 3183 971 3235 Die
989 3184 1152 3255 decerpes

96 3256 150 3306 ihre
173 3256 337 3320 Verwaltong
366 3257 443 3308 durcb
473 3254 529 3306 eine
556 3256 603 3305 aul
648 3257 696 3305 uio
719 3251 926 3320 repetundorum
948 3255 1036 3306 wurdc
1061 3252 1150 3309 abab.

95 3322 227 3373 llescbluss
256 3324 302 3373 der
329 3322 502 3375 Provinciolen
536 3325 599 3373 nacb
651 3321 694 3373 Cb.
715 3320 762 3372 aul
775 3322 872 3383 Antrag
897 3321 941 3371 des
959 3320 1152 3374 Vollrstribunon

95 3390 158 3440 llorn
176 3389 344 3451 abgeordnete
361 3390 561 3440 Gesandtscbal't.
648 3387 679 3440 L.
699 3387 858 3454 Calpurnius
874 3387 934 3439 Piso
954 3391 1071 3452 gegeben.

129 3457 225 3508 Pactus
242 3454 364 3506 Thrasea.
388 3455 597 3508 S.zoxl11.to.
685 3457 726 3507 Ὦ.
754 3455 830 3505 notu
853 3458 943 3521 opinio
968 3456 1076 3508 decedat
1095 3464 1151 3508 ‘von

134 3526 173 3576 15.
189 3523 308 3589 complu
319 3525 428 3574 honesta
440 3522 599 3572 ‘lobenswer·
650 3538 696 3573 uns
714 3521 880 3586 dielleioung
896 3523 1001 3582 weicbt',
1022 3539 1067 3575 uos
1085 3524 1152 3577 nicbt

97 3595 137 3645 tbo
156 3590 272 3649 Stral'on',
297 3591 347 3641 wie
364 3589 422 3642 Xll.
443 3592 483 3642 20.
519 3590 601 3655 Apud
649 3590 720 3640 rnebr
735 3588 937 3654 umagen-buit.

97 3663 178 3712 bonos
193 3661 279 3724 gigni,
299 3658 322 3709 d.
342 3660 366 3709 b.
388 3674 434 3709 von
452 3657 526 3708 ibnen
539 3658 600 3729 lest·
683 3659 724 3710 28.
743 3659 841 3709 modurn
857 3657 891 3707 ina
903 3655 1045 3719 Cegonsutz
1062 3673 1093 3709 au
1109 3674 1151 3710 ω·-

97 3736 195 3793 gesetzt
210 3727 322 3777 werden.
649 3727 692 3789 cit,
709 3720 846 3777 rbtblacbor
862 3725 966 3786 uerso.

133 3799 172 3848 16.
194 3794 492 3861 Cinciumrogatioucm.
512 3791 538 3843 S.
550 3790 597 3843 Xl.
682 3790 730 3850 21.
755 3795 796 3847 28·
817 3792 937 3850 edwius,
959 3791 1027 3842 eines
1043 3789 1147 3844 Provin-

98 3869 122 3918 5.
148 3863 212 3914 Eine
229 3863 275 3913 lec
290 3863 361 3914 lulio
379 3863 410 3913 do
427 3863 527 3917 ambitu
543 3874 600 3911 war
649 3860 743 3918 etalem
770 3860 926 3912 decernitur
947 3874 996 3909 von
1017 3858 1066 3920 dan
1088 3858 1150 3912 Pro·

96 3949 145 3986 von
163 3935 288 3997 Augustus
305 3931 385 3996 (Soet.
398 3932 464 3993 Aue.
477 3931 535 3993 dtl:
555 3927 600 3980 dor
648 3927 779 3980 uincialan.
807 3922 865 3990 vu.
883 3941 916 3978 un
932 3925 1147 3983 Xlll.·31'oxtr..
