2550 4350
142 287 184 351 28
531 293 687 346 couNuth
704 294 815 347 lactat
1080 301 1112 363 (a.
1122 316 1147 347 u.
1160 307 1212 350 aot

76 503 80 514 .
144 463 202 514 tur.
246 448 433 508 Commotum
459 446 506 506 bis
530 455 559 506 et
581 466 708 525 pronum
731 448 766 508 ad
789 447 1026 508 misericordiam
1050 437 1215 533 Caesarem

144 532 302 617 perpulere
324 530 441 602 liberti,
469 550 507 591 ne
532 542 574 591 tot
596 531 761 591 illustribus
783 531 856 610 =viris
879 532 1045 592 interfectis
1067 535 1213 597 histrioni

102 665 107 673 .
145 617 366 680 consuleretur:
395 623 503 692 sponte
526 633 563 675 an
580 625 701 675 coactus
718 626 777 674 tam
791 633 896 697 magua
912 617 1109 694 peccavisset,
1134 621 1215 681 nibil

145 704 268 764 referre.
298 699 342 759 Ne
357 696 460 760 Trauli
483 699 602 777 quidem
617 699 760 772 Montani,
783 699 893 777 equitis
912 700 1048 772 Romani,
1073 704 1215 766 delensio

65 783 73 797 ⁸
146 793 268 863 recepta
290 791 347 844 est.
391 783 420 843 ls
443 784 579 844 modesta
603 783 730 855 iuventa,
755 784 808 843 sed
832 797 958 862 corporc
981 785 1102 863 insigni,
1130 790 1238 850 acci-5

144 881 193 932 tus
216 868 294 930 ultro
317 876 496 945 noctemque
516 868 596 928 intra
619 885 707 928 unam
731 866 921 928 aMessalina
938 870 1132 945 proturbatus
1148 885 1216 934 erat

145 953 269 1034 paribus
290 951 423 1012 lasciviis
446 951 482 1011 ad
506 951 677 1029 cupidinem
701 960 730 1011 et
753 952 882 1012 lastidia.
914 952 1020 1013 Suillio
1040 954 1214 1016 Caesonino

147 1050 178 1100 et
198 1036 315 1098 Plautio
331 1036 478 1095 Laterano
501 1053 584 1096 mors
601 1036 778 1095 remittitur:
801 1036 872 1096 huic
887 1035 925 1095 ob
941 1037 1040 1114 patrui
1057 1040 1213 1115 egregium
1257 1069 1262 1074 ·

22 1130 38 1165 -'
145 1122 302 1192 meritum
332 1118 517 1179 Caesoninus
546 1118 626 1178 vitiis
655 1127 808 1196 protectus
838 1129 899 1190 est,
931 1129 1085 1199 tamquam,
1103 1123 1135 1182 in
1158 1124 1213 1184 illo

146 1203 324 1268 foedissimo
348 1212 435 1262 coetu
457 1220 565 1279 passus
588 1201 756 1263 muliebria.
1171 1213 1174 1217 ’
1226 1223 1253 1270 10

94 1294 135 1356 37
230 1286 354 1348 Interim
375 1285 536 1346 Messalina
557 1285 742 1347 Lucullianis
764 1286 796 1346 in
818 1286 914 1346 bortis
938 1288 1087 1365 prolatare
1108 1289 1213 1363 vitam,

147 1388 328 1450 componore
355 1386 478 1446 preces,
508 1369 650 1429 nonnulla
680 1389 734 1448 spe
764 1378 795 1430 et
822 1371 980 1449 aliquando
1004 1372 1063 1432 ira:
1094 1383 1214 1435 tanturn

146 1458 226 1517 inter
246 1460 376 1514 extrema
400 1453 560 1530 superbiae
582 1453 713 1531 gerebat.
744 1457 786 1514 Ac
807 1454 838 1514 ni
862 1456 982 1526 caedem
1006 1456 1070 1516 eius
1088 1457 1214 1519 Narcis-

146 1559 198 1601 sus
226 1536 464 1616 proposuisset,
493 1545 619 1598 verterat
648 1537 798 1616 pernicies
826 1539 857 1598 in
879 1548 1093 1601 accusatorem.
1137 1543 1215 1603 Nam
1259 1544 1262 1549 '

147 1622 288 1684 Claudius
316 1621 436 1681 domum
465 1639 622 1698 regressus
653 1633 684 1683 et
710 1623 896 1701 tempestivis
925 1623 1021 1701 epulis
1049 1624 1212 1700 delenitus,
1226 1642 1253 1689 15

144 1707 197 1768 ubi
225 1706 294 1766 vino
325 1704 463 1777 incaluit,
496 1706 533 1766 iri
562 1706 642 1766 iubet
673 1707 864 1785 nuntiarique
886 1707 1014 1768 miserae
1037 1709 1107 1778 (hoc
1129 1711 1213 1772 enim

146 1790 236 1851 serbo
259 1806 345 1850 usum
369 1791 479 1866 lerunt)
502 1788 660 1851 dicendam
682 1791 718 1851 ad
742 1809 863 1852 causam
877 1800 999 1869 postera
1015 1793 1063 1852 dio
1079 1793 1214 1857 adesset.

147 1874 235 1948 Quod
257 1874 308 1935 ubi
328 1874 479 1946 auditum,
510 1882 539 1935 et
567 1874 760 1951 languescere
788 1876 847 1947 ira,
877 1875 976 1937 redire
999 1895 1098 1948 arnor,
1127 1875 1164 1939 ac
1187 1882 1215 1941 si

130 1961 369 2029 cunctarentur,
391 1956 561 2041 propinque
584 1976 645 2017 non
661 1972 690 2019 et
706 1958 808 2019 uxorii
818 1958 946 2020 cubiculi
962 1961 1107 2022 memoria
1123 1963 1213 2024 time·

144 2044 269 2115 bantur,
302 2041 473 2121 prorumpit
492 2041 653 2104 Narcissus
678 2043 894 2120 denuntiatque
923 2044 1150 2107 centurionibus
1181 2060 1254 2111 etto

148 2129 276 2199 tribuno,
301 2126 352 2204 qui
375 2125 486 2213 aderat,
511 2127 615 2204 exequi
639 2128 777 2188 caedem:
802 2127 842 2187 ita
866 2127 1077 2206 imperatorem
1096 2130 1213 2192 iubere.

147 2213 256 2273 Custos
286 2219 314 2269 et
337 2217 495 2269 exactore
517 2209 633 2271 libertis
655 2211 777 2272 Euodus
800 2210 896 2272 datur.
936 2212 1025 2289 lsque
1047 2214 1156 2291 raptim
1180 2215 1214 2276 in

145 2296 251 2355 bortos
273 2310 469 2371 praegressus
490 2295 626 2373 repperit
648 2296 744 2356 lusam
760 2294 853 2364 borni,
877 2294 1028 2356 assidente
1043 2306 1138 2358 matre
1154 2299 1212 2360 Le-

144 2378 225 2457 pida,
250 2395 325 2454 quae
347 2377 466 2437 florenti
488 2379 568 2441 filiae
591 2380 668 2439 haud
693 2395 820 2439 concors
844 2380 992 2459 supremis
1018 2382 1083 2441 eius
1105 2400 1212 2443 neces·

145 2458 285 2522 sitatibus
308 2461 344 2521 ad
368 2460 594 2524 miserationem
617 2464 712 2524 evicta
735 2471 797 2524 erat
814 2460 1016 2543 suadebatque
1032 2485 1069 2526 ne
1085 2484 1211 2545 percus-
1223 2480 1252 2529 25

144 2563 245 2606 sorem
267 2546 473 2624 opperiretur:
496 2548 644 2608 transisse
665 2547 765 2619 vitam,
789 2567 888 2629 neque
911 2546 991 2608 aliud
1015 2569 1102 2628 quarn
1120 2552 1212 2612 morti

70 2683 80 2695 .
145 2631 236 2691 decus
259 2631 473 2708 quaerendum.
518 2632 577 2693 Sed
606 2632 706 2692 animo
729 2651 785 2711 per
805 2626 949 2693 libidines
972 2644 1113 2712 corrupto
1136 2630 1213 2696 nihil

142 2714 302 2774 honesturn
331 2715 444 2787 iuerat;
475 2716 687 2794 lacrimaeque.
704 2727 734 2777 et
763 2726 886 2796 questus
915 2716 992 2794 irriti
1015 2709 1214 2792 ducebantur,

143 2817 210 2860 cum
232 2798 346 2878 impetu
367 2799 549 2881 venientium
572 2800 677 2879 pulsae
701 2801 796 2873 lores,
821 2801 974 2880 astititquc
996 2803 1134 2863 tribunus
1158 2823 1215 2881 per

60 2905 75 2946 ,·
144 2883 312 2954 silentium,
336 2890 367 2942 at
388 2881 513 2946 libertus
536 2883 697 2962 increpans
719 2886 820 2947 urultis
844 2895 875 2945 et
896 2884 1054 2946 servilibus
1077 2886 1211 2964 probris.
1224 2899 1253 2948 30

173 3099 197 3146 l.
219 3094 316 3147 Suillio
336 3096 488 3150 Caesonino.
514 3099 540 3148 S.
549 3115 580 3148 zu
590 3114 612 3148 c.
622 3100 645 3149 2.
700 3097 746 3146 der
769 3096 958 3162 Hauptpersou:
985 3097 1024 3147 die
1045 3098 1218 3151 Centurionen

139 3162 566 3227 lleberl’loutircsbotaranusvgl.
576 3167 649 3217 odit
700 3163 838 3212 braucbten
856 3163 904 3212 den
919 3162 1009 3212 Belelrl
1025 3165 1093 3213 nieht
1109 3170 1218 3230 persan.

138 3228 208 3281 xltt.
224 3233 263 3282 ll.
283 3231 341 3284 XV.
354 3237 397 3286 ab.
412 3237 454 3286 co.
484 3232 542 3282 Scin
562 3231 650 3282 0bci1u
699 3228 748 3278 licb
766 3244 798 3280 zu
816 3229 973 3294 amplasque.

138 3313 196 3349 war
212 3298 243 3349 A.
255 3299 386 3364 Phacum,
404 3301 451 3350 der
462 3299 584 3360 Bc'slcger
594 3296 650 3346 ori-
734 3294 775 3345 23.
804 3310 851 3360 rep
871 3292 1027 3357 effllltsom
1044 3296 1125 3343 humi.
1163 3299 1218 3349 01).

139 3367 262 3416 couniens.
283 3366 409 3419 xillus.
429 3367 461 3416 Α.
475 3366 514 3414 ll.
699 3360 766 3410 wohl
785 3361 831 3411 der
874 3358 1029 3423 eigclasseue
1047 3364 1213 3428 vorausging,

172 3428 219 3490 87.
245 3437 285 3487 18.
306 3436 476 3498 languescere
492 3428 543 3478 und
560 3428 649 3478 redire
700 3427 781 3490 dreng
804 3442 834 3478 cr
858 3428 920 3478 docb
945 3436 998 3479 erst
1018 3430 1063 3478 rrrlt
1081 3428 1136 3478 deni
1156 3431 1216 3483 Tri.

108 3541 112 3544 .
138 3501 194 3551 sind
221 3501 369 3551 histor-iscus
392 3495 525 3546 lnlluitive.
564 3493 590 3544 S.
617 3511 649 3545 zu
699 3495 782 3545 buncn
809 3496 980 3548 ius¹Zimmer
1006 3497 1052 3547 der·
1076 3496 1217 3551 lllessaliou

138 3568 169 3620 lt,
189 3573 215 3621 4,
380 3571 382 3580 ·
699 3567 731 3626 (s.
750 3579 781 3614 zu
794 3564 866 3616 Ende
884 3566 909 3616 d.
922 3565 1004 3632 Cap).
1024 3565 1217 3628 Dasllolgendc

148 3651 154 3666 ·
171 3639 212 3688 21,
240 3618 406 3696 parturierat,
424 3626 471 3677 der
488 3625 528 3677 die
546 3620 648 3680 Waclre
700 3632 759 3694 geht
777 3632 830 3682 ulso
849 3635 897 3684 aul
917 3634 957 3684 dle
977 3634 1079 3682 lrdbere
1096 3633 1154 3684 Zeit
1171 3652 1217 3684 zu-

136 3695 323 3754 commsodirte.
361 3693 396 3743 ils
421 3692 464 3757 leg
487 3693 574 3744 immor
591 3695 647 3747 eine
698 3701 776 3759 nuel,
809 3701 858 3750 und
885 3701 927 3752 dic
946 3700 1100 3767 'lmperlecto
1125 3703 1216 3765 zeigen

183 3763 293 3815 toriscbe
319 3760 427 3812 Coborte
453 3761 486 3811 inr
512 3760 646 3814 Palatium.
699 3782 747 3817 nur
776 3769 835 3818 dass
865 3769 905 3819 dic
935 3768 1106 3818 betrelleodcn
1133 3768 1216 3832 Dioge

163 3832 193 3882 ll.
207 3834 248 3884 69.
275 3830 322 3880 Die
340 3829 519 3880 Anwesenbeit
536 3831 648 3884 des'l’ri-
698 3835 883 3888 heimllintritt
896 3836 943 3886 der
952 3835 1055 3888 lllbrder
1071 3837 1132 3886 nocb
1152 3838 1217 3888 lort-

135 3901 216 3950 buneu
237 3898 304 3949 wird
321 3898 458 3950 basonders
477 3900 592 3952 eruebat
609 3901 647 3952 uls
699 3903 831 3955 dauerteo..
