2550 4350
102 244 105 249 Ι
148 277 209 339 110
535 278 694 336 0011113111
711 274 824 337 Tncttl
868 240 874 255 ’
1083 228 1215 349 leuen
1254 358 1258 363 Ι

151 441 256 509 tnisse.
301 438 396 500 Sicuti
419 437 534 499 caelum
558 437 640 510 deis,
663 438 705 498 ita
727 446 822 499 terras
845 438 947 515 generi
969 436 1145 498 mortalium
1169 439 1220 501 da·

150 534 215 598 ⁸¹⁸3
251 542 388 603 quaeque
419 540 544 604 vacuae,
582 541 633 583 eas
665 522 802 602 publicas
835 540 913 582 esse.
972 521 1075 582 Solem
1109 522 1220 585 deinde

149 606 322 689 suspiciens
344 617 375 668 et
397 616 494 668 cetera
511 606 609 667 sidera
626 625 747 679 vocans,
770 606 856 684 quasi
878 625 978 666 coram
1002 606 1220 683 interrogabat,

150 690 301 756 rellintne
321 692 459 753 contueri
481 691 571 752 inane
594 692 706 752 solum:
736 692 837 768 potius
860 709 941 752 mare
964 692 1222 769 superfunderent

99 778 296 859 budrersus
318 783 463 837 terrarum
487 784 653 854 ereptores.
706 775 745 836 Et
766 784 934 836 commotus
956 775 1004 837 his
1026 774 1143 848 Avitus,
1167 776 1266 856 pa-5'

150 861 254 925 tiendo
275 860 433 923 meliorum
457 861 601 939 imperia:
634 859 664 920 id
688 859 733 919 dis
757 878 832 938 quos
854 860 1039 938 inplorarent
1061 859 1219 938 placitum,

151 954 186 1009 ut
204 944 361 1021 arbitrium
385 945 653 1023 penesllomanos
676 953 820 1016 maneret,
842 945 914 1022 quid
930 944 1036 1004 darent
1057 945 1130 1022 quid
1155 945 1238 1008 adi--

122 1028 126 1033 ’
148 1036 279 1101 ament,
300 1048 398 1108 neque
422 1029 498 1089 alios
514 1028 630 1089 iudices
652 1047 741 1107 quam
764 1028 904 1107 seipsos
926 1037 1114 1106 paterentur.
1139 1030 1222 1092 llaec

94 1170 114 1203 ‚
151 1114 184 1177 in
204 1113 358 1195 publicum
381 1113 578 1192 Ampsivariis
601 1114 773 1192 respondit,
796 1113 855 1191 ipsi
879 1113 1020 1186 Boiocalo
1043 1113 1082 1172 ob
1106 1132 1222 1175 memo-

149 1198 226 1261 riam
247 1198 398 1259 amicitiae
421 1198 558 1258 daturum
581 1215 679 1275 agros.
721 1197 808 1269 Quod
831 1197 882 1257 ille
904 1208 936 1257 ut
951 1197 1135 1275 proditionis
1152 1211 1255 1278 pre-to

104 1296 120 1323 ⁸
151 1283 227 1345 tium
248 1292 444 1361 aspernatus,
474 1282 590 1343 addidit
611 1283 722 1343 Deesse
744 1280 833 1341 nobis
856 1290 951 1352 terra,
975 1281 1005 1341 in
1028 1300 1086 1359 qua
1110 1283 1223 1344 moria-

153 1386 235 1438 mur,
264 1385 325 1428 non
349 1374 460 1445 potest.
507 1369 614 1444 litque
637 1367 676 1426 ita
700 1365 828 1426 intensis
850 1366 1000 1444 utrimque
1023 1366 1136 1426 animis
1159 1369 1222 1429 dis·

154 1470 283 1513 cessum.
326 1451 374 1513 ttti
396 1451 566 1522 Bructeros,
591 1451 766 1520 Tencteros,
790 1449 950 1511 ulteriores
966 1449 1055 1510 etiam
1080 1451 1223 1515 nationes

153 1537 253 1597 socias
275 1535 355 1599 hello
377 1536 535 1596 vocabant.
565 1535 670 1596 Avitus
692 1535 807 1612 scripto
829 1533 867 1595 ad
890 1535 1045 1597 Curtilium
1061 1535 1223 1610 Manciam,
1255 1582 1258 1587 -

135 1620 321 1699 'superioris
344 1620 493 1680 exercitus
515 1620 661 1696 legatum,
696 1630 728 1680 ut
750 1620 884 1680 Rhenum
908 1628 1116 1695 transgressos
1138 1633 1259 1684 armato

144 1703 170 1765 ‘a
192 1716 277 1782 tergo
307 1704 495 1775 ostenderet,
533 1704 600 1783 ipse
632 1704 768 1780 legiones
790 1704 821 1764 in
844 1721 947 1779 agrum
969 1703 1153 1764 Tencterum
1177 1708 1222 1767 in-

40 1854 47 1859 ,
153 1789 245 1862 duxit,
269 1789 416 1850 excidium
441 1789 602 1862 minitans,
618 1789 649 1850 ni
672 1807 792 1850 causam
815 1806 898 1848 suam
921 1787 1132 1848 dissociareot.
1164 1792 1223 1869 lgi-

156 1881 202 1934 tnr
224 1874 440 1935 absistentibus
463 1874 511 1935 his
535 1870 600 1952 past
623 1882 704 1934 metu
727 1872 864 1933 exterriti
882 1871 1027 1932 Bructeri.
1079 1873 1119 1933 Et
1142 1888 1222 1937 ceto·

153 1958 197 2018 ris
220 1977 340 2037 qnoque
363 1957 462 2019 aliona
486 1959 618 2037 pericula
648 1957 857 2018 deserentibus
879 1958 943 2017 sola
966 1955 1223 2033 Ampsivariorum

65 2076 70 2095 ·
156 2061 230 2120 gens
252 2053 332 2104 retro
356 2043 394 2103 ad
416 2043 528 2121 Usipos
552 2052 582 2102 et
604 2041 756 2101 Tubantes
779 2041 941 2102 concessit.
972 2035 1106 2125 Quorum
1133 2046 1259 2108 terristt

155 2127 250 2188 exacti
274 2145 340 2188 oum
364 2128 503 2197 Chattos,
527 2126 596 2186 dein
621 2125 789 2185 Cheruscos
811 2123 974 2202 petissent,
995 2144 1109 2208 *errore
1131 2127 1223 2207 longo

154 2211 302 2290 hospites,
325 2211 423 2287 egeni,
448 2210 561 2281 hostes,
584 2208 614 2269 in
631 2209 739 2281 alieno,
763 2209 842 2287 quod
865 2209 1028 2276 iuventutis
1055 2221 1129 2280 erat,
1154 2233 1221 2276 cae-

153 2294 278 2367 dentum
302 2294 421 2353 inbellis
446 2304 529 2353 aetas
552 2293 584 2353 in
606 2293 747 2371 praedam
771 2292 865 2354 divisa
888 2304 944 2355 est.

101 2383 143 2444 57
242 2377 353 2437 Eadem
377 2384 491 2437 aestate
515 2377 593 2437 inter
615 2377 840 2438 Hermunduros
864 2379 1047 2458 Chattosque
1076 2389 1224 2443 certatum

153 2478 261 2536 magno
283 2460 410 2539 proelio,
436 2461 505 2521 dnm
520 2461 631 2523 flumen
655 2463 803 2540 gignendo
826 2463 887 2524 sale
911 2465 1069 2526 fecundum
1093 2477 1124 2526 et
1147 2475 1256 2528 con-25

153 2545 313 2608 terminum
341 2545 369 2604 vi
399 2545 537 2619 trahunt,
570 2565 663 2627 super
683 2547 839 2608 libidinem
868 2549 1089 2619 cunetaarmis
1112 2550 1221 2628 agendi

148 2695 212 2748 tiber
225 2697 267 2746 din
281 2695 455 2747 'l'ubnnten
472 2697 521 2748 und
541 2697 659 2766 Usiper
711 2697 889 2748 commandit-te
908 2713 937 2747 er
953 2699 1029 2748 sehon
1048 2700 1080 2750 56
1098 2715 1122 2747 n.
1134 2700 1179 2751 Ch.
1199 2701 1224 2749 in

150 2780 180 2814 zu
199 2764 218 2816 l.
240 2767 280 2816 51.
714 2765 857 2816 Germania
874 2768 1013 2832 super-ior:
1037 2762 1066 2816 ἐν
1083 2765 1224 2834 Γερμανίᾳ

183 2835 206 2883 2.
224 2833 348 2898 publicar
365 2848 419 2882 esse
439 2833 656 2895 ‘genoreledent
711 2829 742 2883 ἐν
758 2834 797 2898 τῷ
816 2835 926 2901 στρατῷ
944 2834 1001 2882 τῶν
1014 2828 1166 2914 Ῥωμαίων,
1195 2829 1224 2892 ὃς

147 2901 231 2952 .⁴stehe
248 2900 336 2950 tedetn
355 2899 401 2949 ου’.
712 2889 745 2962 ἦν
768 2897 820 2950 ὑπὸ
848 2898 920 2966 Τίτῳ
938 2899 1091 2982 Koopretrp
1110 2900 1224 2968 Μογκίᾳ

32 2976 41 2989 “
183 2961 238 3022 bb?
256 2971 278 3018 5.
294 2966 661 3027 commotur‘gerr'rhrt’.Seine
710 2997 745 3006 —
762 2963 954 3018 ἱππευόντων
978 2963 1008 3016 ἒν
1031 2963 1119 3035 ‘Pupp
1143 2966 1225 3020 Κοΐν·

149 3033 270 3095 Rirhrung
293 3034 362 3095 zeigt
384 3033 436 3083 sich
465 3033 537 3084 dario
556 3037 662 3086 dassen
711 3053 761 3086 τοο
789 3028 955 3084 Οὗολουοίοο
981 3017 1154 3102 Σατορνίνου
1179 3035 1224 3088 καὶ

150 3099 187 3150 sie
205 3100 282 3151 durch
291 3100 392 3150 Grdnde
411 3116 441 3150 zu
455 3100 577 3167 bewegen
590 3105 662 3154 sucht
712 3099 834 3152 Ποπλίου
851 3097 1005 3167 Κορνηλίου
1023 3102 1188 3161 Σκιπίωνος.

149 3166 202 3217 sich
220 3167 244 3216 in
265 3168 310 3218 das
328 3167 544 3222 Unverrueidliohe
567 3189 599 3222 zn
623 3172 661 3222 15-
746 3172 785 3220 19.
803 3169 862 3218 soto
882 3168 1057 3219 ‘vereinsanit'.

148 3249 206 3297 gen.
745 3238 785 3286 21.
808 3234 923 3285 Chattos.
945 3235 971 3286 S.
993 3253 1022 3286 zu
1041 3237 1060 3287 1.
1077 3241 1119 3289 55.
1142 3240 1225 3291 Ueber

186 3303 210 3353 6.
218 3301 366 3366 meliorum,
385 3303 409 3353 d.
421 3305 444 3356 b.
466 3306 512 3356 der
529 3306 659 3357 Stirkern.
712 3303 752 3353 die
771 3302 958 3353 Cheruscer
978 3320 1009 3353 zn
1028 3299 1046 3354 l.
1068 3308 1109 3356 56.

185 3371 224 3420 13.
242 3369 399 3438 Bructeros,
421 3371 568 3425 Tencteros.
591 3373 617 3424 S.
628 3388 660 3421 zu
746 3372 786 3422 22.
807 3372 837 3420 io
855 3371 943 3422 alieno
963 3372 1028 3422 wird
1047 3373 1220 3438 hinzngelirgt,

150 3435 232 3488 t‘ot.
428 3466 430 3470 ·
711 3437 811 3488 obwohl
829 3454 856 3490 es
874 3442 949 3490 sehon
969 3456 1015 3490 aus
1038 3441 1092 3490 dem
1111 3441 1224 3493 Vorher·

185 3507 224 3557 14.
237 3507 397 3557 rooiosbello
410 3507 464 3556 sind
472 3504 657 3556 znverbinden.
710 3507 839 3568 gehenden
857 3510 1022 3570 hervorgeht,
1050 3524 1090 3557 nm
1109 3510 1156 3560 das
1176 3512 1226 3561 lln·

82 3588 85 3595 ·
185 3571 315 3623 Curtilius
349 3573 458 3625 Moneta
502 3587 559 3622 war
595 3571 660 3622 Con·
711 3574 784 3637 gldck
802 3576 1028 3642 derdnrpsivarier
1046 3576 1069 3624 in
1089 3576 1156 3628 allen
1172 3580 1225 3629 sei-

149 3640 188 3690 sul
206 3641 262 3692 suli.
282 3642 306 3691 in
326 3638 661 3691 einemunbekanntenlahr
711 3659 757 3692 nen
775 3643 915 3694 Momenten
939 3645 1010 3693 melu·
1035 3660 1066 3693 zu
1084 3660 1225 3710 vergegen-

148 3716 223 3770 noter
250 3708 332 3765 Nero,
363 3706 492 3756 vielleioht
515 3709 547 3757 55
567 3722 590 3754 n.
612 3706 656 3758 Ch.
709 3712 845 3773 martigen.
1212 3723 1216 3729 ’

147 3775 211 3829 Mar.
231 3780 291 3826 hro.
312 3784 363 3824 tav.
382 3773 451 3823 Xlll.
481 3772 525 3822 Cn.
544 3772 658 3826 Lentulo
744 3774 793 3833 57.
803 3781 843 3829 24.
853 3778 1062 3828 Hermunduros.
1074 3778 1136 3829 San
1145 3780 1223 3833 ltus.

150 3842 286 3894 Gaetulico
308 3839 336 3890 T.
355 3840 468 3891 Curtilio
480 3840 589 3892 Moneta
607 3859 658 3894 eos.
709 3845 803 3897 Derim
816 3844 956 3905 Fulgenden
967 3847 1173 3909 genanntel'luss
1192 3851 1227 3901 ist

147 3906 218 3961 Nacti
235 3909 347 3972 Phlegon
366 3908 397 3959 de
414 3907 469 3958 reb.
491 3909 556 3961 adro.
582 3927 605 3961 o.
626 3914 660 3964 27
709 3912 918 3964 wahrseheinlicb
932 3914 972 3964 die
988 3914 1224 3970 trontiscuesacte.
