2550 4350
142 293 201 354 180
527 296 674 349 CORNELI
692 297 804 372 TAclTl
1084 304 1205 364 (aum

86 459 127 522 49
222 453 294 513 Fine
322 451 390 512 anui
412 449 568 511 Lutorium
589 450 740 521 Priscum,
770 451 897 529 equitem
921 451 1102 525 Romanum,
1135 464 1205 533 post

140 537 255 600 celebre
284 554 401 597 carmen
429 554 487 613 quo
518 534 684 596 Germanici
716 553 854 614 suprema
888 535 1046 596 defleverat
1077 540 1201 614 pecunia

50 674 56 695 ,
136 624 278 685 donatum
301 639 317 680 a
339 618 476 692 Caesare,
498 619 640 697 corripuit
662 618 785 692 delator,
816 619 968 679 obiectans
991 639 1080 698 aegro
1103 622 1203 684 Druso

138 705 344 784 composuisse
366 703 456 781 quod,
479 703 505 765 si
529 704 675 764 extinctus
698 704 784 774 toret,
810 703 921 764 maiore
943 704 1077 782 praemio
1099 707 1204 785 vulga-

135 799 228 852 retur.
271 789 304 850 ld
327 787 468 848 Lutarius
498 788 528 848 in
557 788 646 848 domo
674 787 707 847 P.
730 787 851 848 Petroni
884 807 973 848 socru
1002 789 1065 850 eius
1088 791 1231 854 Vitellia5

136 893 234 936 coram
258 872 417 951 multisque
438 872 613 933 inlustribus
636 871 754 933 leminis
776 891 831 950 per
849 872 1097 950 vaniloquentiam
1119 875 1202 956 lege-

136 967 193 1020 rat.
242 957 281 1018 Ut
309 957 422 1017 delator
457 957 566 1028 extitit,
605 956 712 1017 ceteris
744 957 780 1016 ad
813 956 969 1016 dicendum
1002 959 1204 1022 testimonium

136 1043 282 1104 exterritis
311 1042 374 1101 sola
402 1040 514 1101 Vitellia
550 1041 620 1100 nihil
656 1060 690 1101 se
724 1039 873 1101 audivisse
901 1041 1091 1104 adseveravit.
1142 1045 1202 1106 Sed

134 1126 326 1206 arguentibus
349 1126 385 1185 ad
406 1125 572 1204 permitiem
595 1125 661 1203 plus
684 1125 751 1184 fidei
774 1125 838 1195 luit,
863 1126 1068 1204 sententiaque
1088 1127 1202 1190 Haterii

134 1211 296 1291 Agrippae,
325 1209 458 1269 consulis
480 1209 640 1286 designati,
674 1208 815 1269 indictum
838 1227 889 1268 reo
920 1209 1055 1270 ultimum
1084 1213 1245 1292 suppli-to

83 1298 123 1359 50
135 1295 223 1357 cium.
268 1293 375 1354 Contra
398 1294 445 1354 Μ’.
468 1292 597 1373 Lepidus
619 1294 649 1352 in
672 1293 751 1354 bunc
773 1293 892 1353 modum
916 1312 1041 1354 exorsus
1064 1304 1118 1356 est.
1158 1297 1200 1370 Si,
1258 1361 1261 1367 ,

133 1388 234 1459 patres
264 1378 441 1455 conscripti,
475 1396 565 1438 uuum
587 1377 624 1437 id
654 1386 839 1456 spectamus,
873 1396 959 1455 quam
989 1379 1099 1440 nefaria
1127 1399 1201 1442 voce

25 1470 27 1475 ’
132 1463 274 1525 Lutorius
296 1462 416 1523 Priscus
439 1470 567 1522 mentem
600 1480 682 1522 suam
712 1469 740 1521 et
762 1480 849 1522 aures
871 1462 1026 1522 homiuum
1047 1464 1198 1542 polluerit,

132 1566 229 1626 neque
252 1553 352 1607 carcer
373 1564 468 1624 neque
490 1546 628 1624 laqueus,
654 1564 692 1606 ne
714 1546 836 1606 serviles
859 1547 975 1624 quidem
1001 1548 1145 1609 cruciatus
1168 1549 1199 1610 in

134 1650 202 1692 eum
231 1630 411 1692 suffecerint.
463 1631 516 1691 Sin
545 1630 653 1708 flagitia
683 1638 712 1690 et
739 1631 869 1690 lacinora
903 1631 968 1691 sine
998 1632 1087 1691 modo
1117 1643 1244 1708 suut,15

134 1714 288 1793 suppliciis
323 1734 358 1776 ac
389 1714 529 1776 remediis
565 1714 707 1793 principis
742 1715 905 1774 moderatio
933 1716 1139 1795 maiorumque
1169 1727 1200 1779 et

131 1809 228 1860 vestra
252 1799 382 1878 exempla
405 1808 581 1879 temperant,
604 1808 633 1860 et
653 1817 725 1859 vana
748 1817 764 1859 a
787 1799 936 1870 scelestis,
966 1800 1041 1860 dicta
1064 1821 1080 1861 a
1103 1801 1197 1863 male-

132 1883 208 1944 ficiis
237 1883 391 1954 dillerunt,
427 1892 473 1944 est
500 1886 583 1945 locus
615 1884 779 1944 sententiae
809 1902 862 1961 per
889 1902 976 1961 quam
1005 1903 1102 1963 neque
1130 1887 1199 1948 liuic

133 1968 271 2029 delictum
300 1968 420 2046 impune
448 1968 486 2029 sit
513 1980 542 2028 et
572 1986 626 2028 nos
656 1967 828 2028 clementiae
855 1967 942 2028 simul
970 1988 1003 2030 ac
1031 1971 1197 2034 severitatis

131 2071 193 2112 non
214 2052 370 2130 paeniteat.
415 2051 509 2130 Saepe
531 2051 627 2111 audivi
649 2052 811 2129 principem
842 2060 978 2113 nostrum
1006 2067 1240 2132 conqueren-to

131 2143 202 2208 tem,
226 2136 250 2197 si
274 2135 339 2212 quis
364 2143 480 2212 sumpta
504 2144 598 2195 morte
625 2134 860 2195 misericordiam
889 2137 952 2197 cius
980 2139 1195 2217 praevenisset.

129 2220 195 2281 Vita
216 2218 330 2279 Lutorii
353 2218 383 2277 in
406 2218 522 2295 integro
545 2225 608 2289 est;
635 2218 684 2296 qui
708 2237 802 2297 neque
824 2229 958 2282 servatus
981 2222 1011 2281 in
1031 2223 1195 2300 periculum

129 2303 174 2364 rei
195 2301 329 2379 publicae
351 2319 446 2379 neque
469 2302 640 2363 interfectus
663 2303 694 2363 in
717 2304 881 2382 exemplum
904 2305 968 2366 ibit.
1016 2306 1119 2370 Studia
1141 2309 1193 2382 illi,

128 2393 162 2447 ut
182 2385 267 2464 plena
290 2384 476 2458 vaecordiae,
507 2385 546 2446 ita
568 2386 666 2448 inania
689 2396 717 2450 et
739 2389 816 2449 iluna
838 2397 923 2464 sunt3
956 2409 1011 2450 nec
1040 2391 1197 2471 quicquam

129 2487 217 2549 grave
239 2487 273 2528 ac
294 2468 406 2530 serium
429 2489 465 2530 ex
487 2489 522 2531 eo
546 2480 677 2544 metuas,
711 2473 760 2552 qui
783 2493 905 2535 suorum
928 2474 991 2554 ipse
1014 2475 1192 2554 flagitiorum
1204 2489 1237 2539 25

158 2629 208 2692 49.
231 2638 256 2687 5.
278 2636 306 2685 Ρ.
324 2636 466 2687 Petronius
481 2652 538 2687 war
556 2639 632 2690 Cons.
684 2639 809 2691 berichtet
825 2640 899 2699 wird,
921 2658 952 2692 zu
970 2640 1012 2691 lll.
1025 2646 1064 2694 l'l.

124 2702 181 2754 suff.
205 2705 235 2754 19
251 2719 273 2753 u.
288 2703 332 2754 Cb.
353 2704 420 2768 tllig.
434 2704 490 2755 XL.
507 2709 590 2769 121),
619 2709 633 2758 3
717 2704 766 2764 50.
786 2711 824 2759 11.
843 2708 887 2758 Μ’.
896 2708 1020 2774 Lepidus.
1040 2711 1065 2760 S.
1076 2727 1106 2761 zu
1118 2728 1139 2762 c.
1151 2714 1193 2764 32.

122 2769 200 2821 Jaure
217 2771 355 2822 Proconsul
381 2788 428 2823 von
447 2774 524 2823 Asien
543 2774 566 2824 in
586 2775 634 2824 den
720 2779 760 2827 14.
781 2776 834 2826 Der
860 2792 952 2827 carcer
977 2793 1041 2828 war*
1057 2793 1096 2828 am
1122 2780 1198 2847 Capi·

122 2837 216 2889 letzteu
233 2838 327 2889 latren
345 2841 390 2890 des
408 2839 533 2900 Tiberius,
562 2842 633 2906 lega·
684 2842 755 2894 tolin.
787 2843 834 2894 Die
852 2859 907 2894 zum
925 2844 1194 2898 'l'odeVerurtbeiltcn

123 2910 166 2954 tuo
185 2920 238 2969 pro
258 2912 386 2971 praetore
412 2924 459 2957 vou
484 2909 575 2976 Syrien
602 2927 633 2960 zu
683 2911 789 2960 wurdeu
808 2911 866 2961 dort
883 2912 1022 2963 crdrosselt
1043 2915 1195 2978 (laqueus).

122 2971 195 3023 Eride
214 2973 258 3020 des
277 2973 392 3035 Caligula
419 2976 468 3025 und
487 2977 511 3026 in
531 2978 576 3027 der
593 2992 634 3027 er·
684 2977 744 3027 Dies
770 2992 827 3027 war
859 2978 915 3026 eine
948 2978 1198 3032 aus‘serordentliche

122 3046 178 3088 stou
196 3037 253 3087 Zeit
270 3039 315 3089 des
334 3040 461 3102 Claudius,
489 3046 579 3094 dessen
596 3043 633 3093 al·
684 3044 782 3100 Stralc,
810 3043 909 3114 obwohl
928 3045 964 3094 sie
983 3047 1006 3094 in
1026 3048 1072 3096 der
1090 3048 1195 3099 Kaiser·

121 3113 163 3155 ter
185 3105 284 3156 Freuud
309 3123 338 3157 er
361 3124 417 3159 war
440 3112 489 3161 und
513 3126 560 3161 vor
576 3111 632 3160 dem
682 3110 734 3160 zeit
751 3111 818 3158 ouer
835 3112 952 3169 vortam,
983 3113 1014 3162 da
1039 3115 1079 3163 dic
1098 3116 1197 3166 Todcs·

121 3187 151 3223 cr
168 3172 248 3222 starb.
277 3174 347 3224 Philo
362 3176 411 3240 leg.
427 3179 459 3228 ad
467 3178 520 3229 Cai.
533 3180 596 3230 1022
604 3178 629 3226 ff.
681 3176 761 3227 stralc
779 3191 858 3238 gegcn
876 3180 938 3227 rdm.
957 3179 1055 3242 Birger
1072 3185 1195 3234 wdhrcnd

120 3238 222 3305 Jos'eplr.
235 3242 291 3292 Aut.
303 3242 395 3295 XVlll.
406 3248 429 3302 8,
440 3248 464 3297 2.
484 3244 557 3295 ΧΙΧ.
569 3247 592 3300 6,
603 3246 627 3294 3.
682 3244 728 3293 dcr
745 3243 807 3308 llep.
828 3259 875 3293 nur
892 3245 917 3293 in
935 3247 995 3294 sehr
1011 3249 1096 3308 weuig
1106 3250 1193 3301 Falleu

120 3305 627 3368 11111110.8511111118511.
681 3317 801 3372 gestattct
817 3325 881 3360 war.
911 3311 970 3361 Sall.
993 3313 1098 3364 dacco.
1133 3316 1190 3378 Vgl.

121 3374 146 3425 d.
166 3391 190 3425 n.
210 3374 321 3429 111280.
351 3379 443 3428 ltlionu.
464 3376 508 3427 lll.
518 3380 575 3428 219.
595 3374 625 3426 V.
680 3376 741 3427 Tac.
761 3376 803 3428 lV.
815 3379 856 3429 29.
874 3376 903 3428 V.
914 3381 938 3430 9.
954 3378 995 3429 Vl.
1006 3383 1046 3430 lo.
1068 3380 1192 3436 xivam.

121 3445 178 3494 lot.
200 3443 225 3494 S.
234 3443 265 3494 V.
275 3448 334 3497 429.
349 3445 391 3495 Vl.
401 3447 458 3496 330.
480 3443 544 3493 Bull.
557 3443 626 3493 arob.
679 3443 726 3494 Die
745 3444 851 3495 Sclaven
869 3447 974 3496 wurdeu
999 3446 1118 3509 geloltert
1142 3455 1193 3503 und

120 3511 186 3561 1845
212 3527 235 3576 p.
253 3515 311 3563 151.
355 3510 412 3570 Vgl.
438 3509 499 3558 Tae.
525 3508 568 3560 Vl.
584 3512 626 3561 45.
679 3512 835 3575 gelreuzigt.

119 3574 229 3628 Vitellia
248 3579 282 3627 ist
299 3577 339 3626 die
351 3576 500 3625 Grosstaote
518 3577 630 3642 desspd-
712 3582 752 3631 20.
766 3579 850 3645 Saepe
860 3581 959 3631 codici.
974 3582 1000 3631 S.
1011 3582 1086 3634 ll.3l.
1098 3583 1187 3638 11116.

118 3645 288 3700 ternKaisera
302 3641 433 3704 Vitellius,
451 3642 542 3692 dessen
560 3651 627 3694 crete
712 3649 752 3699 22.
771 3651 800 3697 in
823 3650 928 3713 integro
953 3655 997 3699 cst.
1034 3651 1068 3700 Es
1096 3653 1189 3705 konrmt

117 3710 256 3761 liranilrrc
275 3705 381 3756 Eulelin
399 3723 463 3759 war.
495 3709 623 3763 Η.11.64.
677 3715 725 3763 aul
749 3730 794 3764 uns
823 3731 867 3774 an,
902 3716 933 3765 ob
957 3719 1007 3768 wir
1033 3719 1057 3767 in
1088 3737 1188 3772 unserm

128 3818 131 3825 ,
150 3780 173 3828 9.
188 3776 346 3839 penultima.
383 3774 409 3824 S.
430 3792 462 3826 zu
480 3776 498 3826 l.
512 3780 554 3829 58.
677 3779 771 3848 Sprucb
785 3783 825 3832 die
835 3782 911 3833 Milde
922 3785 1015 3836 waltcn
1028 3787 1111 3837 lassen
1126 3789 1189 3838 vvol-

149 3841 416 3907 HatavthAgn‘qrpae.
452 3844 477 3894 S.
499 3861 530 3895 au
549 3844 621 3897 tra.
674 3847 728 3906 len.
755 3851 864 3909 welche,
895 3853 945 3903 wic
969 3855 1019 3904 wir
1042 3855 1080 3905 ost
1097 3857 1188 3918 gebort

114 3904 253 3957 Wessbalb
267 3909 337 3960 scine
349 3910 522 3977 Abstimmung
539 3923 624 3967 zuerst
674 3916 762 3978 haben,
785 3920 831 3970 der
848 3920 941 3971 Kaiser
957 3923 1081 3972 wdascbt.
