2550 4350
71 253 199 315 penit)
278 250 322 301 ΑΒ
340 248 495 302 EXCESSU
511 249 581 300 ulvi
599 248 742 302 AUGUSTI
759 249 791 301 ll.
811 253 852 303 27.
868 253 909 304 28.
923 255 965 306 29.
1104 242 1147 304 95

71 401 243 482 turque'ad
266 403 366 464 luxum
389 412 419 464 et
440 422 491 465 ees
513 403 658 476 alienum,
691 403 791 465 socius
813 403 966 464 libidinum
989 413 1019 465 et
1039 424 1148 468 neces-

74 490 217 557 sitatum,
250 506 309 565 quo
345 488 480 566 pluribus
514 488 633 549 iudiciis
661 488 807 565 inligaret.
858 487 895 548 Ut
923 489 995 548 satis
1024 491 1144 551 testium
1157 494 1205 557 28·
1246 559 1248 563 ,

43 581 107 634 ‚et
128 571 182 650 qui
205 571 282 632 servi
305 573 406 633 eadem
430 582 591 634 noscerent
612 571 759 651 repperit,
791 572 900 632 aditum
924 573 958 631 ad
982 573 1148 651 principem
1181 590 1185 605 ¹
1235 612 1239 621 ι

72 655 224 737 postulat,
257 656 459 717 demonstrato
489 656 612 717 crimine
641 665 670 716 et
698 675 750 717 reo
773 674 827 734 per
849 655 982 717 Flaccum
1007 657 1146 718 Vescula-

48 742 168 813 orium,
191 740 320 817 equitem
336 740 512 813 Romanum,
535 740 581 801 cui
601 740 726 819 propior
746 758 812 800 cum
828 740 949 800 Tiberio
972 759 1045 801 usus
1072 749 1145 803 erat.

76 825 187 885 Caesar
214 823 353 885 indicium
382 825 459 886 baud
488 833 664 904 aspernatus
692 843 872 902 congressus
899 824 1016 884 abnuit:
1053 843 1147 903 posse

75 908 155 970 enim
180 909 284 969 eodem
307 909 410 971 Flacco
432 909 616 971 internuntio
644 927 800 970 sermones
831 927 1007 968 commeare.
1052 910 1146 987 Atque

75 993 196 1054 interim
224 992 368 1053 Libonem
398 1001 484 1054 ornat
512 1002 666 1071 praetura,
704 993 887 1053 convictibus
916 992 1051 1063 adhibet,
1084 1012 1154 1053 non'

73 1077 158 1138 vultu
182 1075 344 1150 alienatus,
374 1095 434 1137 non
457 1077 555 1136 verbis
579 1078 772 1138 commotior:
805 1078 878 1137 odeo
906 1077 979 1137 iram
1003 1077 1146 1139 condide-

39 1160 145 1234 lorat;‘
170 1171 333 1238 cunctaque
360 1162 425 1221 eius
456 1160 532 1221 dicta
561 1163 710 1239 iactaque,
744 1180 810 1222 curn
839 1160 998 1238 probibere
1030 1170 1144 1238 posset,

78 1246 158 1306 scire
180 1244 322 1315 malebam
357 1246 453 1305 donec
473 1245 577 1306 lunius
608 1246 742 1322 quidam,
773 1254 932 1322 temptatus
960 1253 993 1304 ut
1014 1244 1146 1306 internas

74 1329 199 1390 umbras
222 1328 401 1390 carminibus
424 1329 558 1401 eliceret,
586 1329 622 1389 ad
645 1329 809 1389 Fulcinium
833 1329 973 1388 'lrionem
1004 1328 1146 1390 indicium

75 1412 193 1473 detulit.
231 1412 354 1473 Celebre
375 1414 453 1474 inter
467 1422 672 1474 accussatores
689 1413 808 1474 Trionis
831 1414 982 1490 ingenium
998 1423 1061 1473 erat
1082 1414 1145 1474 avi-

77 1497 208 1574 dumque
229 1497 324 1557 lamae
340 1498 448 1557 malae.
499 1498 603 1559 Statim
633 1496 757 1575 corripit
778 1512 885 1567 reum,
909 1498 970 1558 adit
997 1497 1145 1570 consules,

40 1579 281 1658 incognitionem
304 1590 425 1642 senatus
448 1582 555 1659 poscit.
590 1581 627 1641 Et
648 1593 790 1641 vocantur
811 1590 923 1658 patres,
946 1581 1046 1642 addito
1070 1599 1146 1641 con-

78 1663 249 1724 sultandum
272 1682 363 1741 super
384 1684 416 1726 re
437 1684 541 1743 magna
564 1673 594 1725 et
616 1666 719 1725 atroci.

163 1748 238 1808 Libo
267 1748 384 1808 interim
412 1759 495 1809 veste
517 1757 628 1808 mutata
650 1767 717 1808 cum
743 1747 924 1827 primoribus
946 1748 1063 1809 feminis
1087 1749 1198 1813 cir-29

78 1832 191 1895 eumire
214 1832 338 1898 domos,
367 1851 452 1892 orare
474 1832 601 1903 adfines,
633 1849 736 1891 rocem
758 1831 913 1891 adversum
935 1832 1065 1910 pericula
1087 1852 1146 1910 po-

77 1934 174 1987 scere,
197 1915 395 1977 abnuentibus
418 1917 542 1991 cunctis,
566 1934 631 1976 eum
653 1915 770 1975 diversa
785 1915 1021 1992 praetenderent,
1044 1916 1148 1976 eadem

37 1999 249 2061 aorormidtne.
293 1999 347 2059 Die
370 2009 490 2060 senatus
512 2008 592 2060 metu
616 2008 645 2060 et
666 1998 849 2078 aegritudine
872 1999 988 2071 lessus,
1013 1999 1090 2071 sive,
1114 2007 1148 2060 ut

80 2082 231 2146 tradidere
259 2083 393 2161 quidam,
424 2083 561 2145 simulato
589 2085 711 2156 morbo,
745 2083 847 2143 lectica
870 2082 984 2143 delatus
1007 2083 1042 2143 ad
1067 2086 1147 2146 iores
1198 2154 1201 2161 .

79 2167 179 2230 curiae
201 2167 375 2245 innisusque
397 2167 479 2228 fratri
503 2176 534 2227 et
554 2187 659 2229 manus
682 2188 716 2229 ac
733 2167 882 2246 supplices
898 2186 985 2228 uoces
1001 2168 1036 2228 ad
1053 2167 1145 2228 'libe-

77 2254 155 2313 rium
177 2252 304 2312 tendens
328 2251 451 2312 immoto
474 2251 538 2312 eius
567 2254 647 2313 vultu
677 2252 829 2331 excipitur.
879 2251 949 2312 Mox
975 2251 1090 2311 libellos
1121 2262 1150 2313 et

112 2387 134 2436 i.
161 2386 346 2435 necessitatum
384 2384 584 2447 ‘Bedrriuguisse
639 2401 669 2435 zo
693 2389 764 2436 iram
787 2384 953 2437 condiderat.
995 2385 1091 2435 lunius
1116 2385 1151 2435 ist

76 2451 305 2511 Vcrlegeubeiteu'.
342 2451 379 2502 Er
404 2453 490 2502 sucbte
509 2452 588 2503 selbst
639 2453 709 2502 einer
727 2454 773 2503 der
790 2455 853 2504 cil
873 2454 1019 2503 crnibuten
1040 2451 1146 2513 blagier.

75 2521 125 2569 und
145 2520 193 2569 ani
206 2518 472 2570 seineuNemenGeld
488 2519 593 2574 berbei·,
676 2521 712 2570 ta.
730 2519 884 2569 Fulcinium
905 2519 1035 2573 Trionem.
1063 2519 1088 2567 S.
1103 2517 1146 2568 lll.

75 2586 228 2637 znscbell'eu.
640 2587 680 2635 10.
693 2588 731 2636 19.
753 2585 784 2635 V.
796 2589 836 2636 ll.
858 2585 898 2634 Vl.
909 2589 933 2635 4.
944 2587 987 2635 38:

108 2649 159 2711 ΞΘ.
179 2656 202 2705 3.
214 2659 360 2717 noscerent,
371 2654 505 2704 ‘erkeunen
519 2654 587 2702 wirr-
671 2645 720 2706 29.
738 2653 779 2702 22.
797 2651 887 2711 fratri.
908 2651 969 2699 Dies
987 2649 1021 2696 ist
1033 2649 1150 2698 dercon-

76 2722 132 2771 den'
157 2719 196 2772 als
225 2729 306 2772 etwas
336 2722 409 2771 ibnen
433 2721 584 2777 Bekmntes,
637 2717 683 2766 cul
698 2717 855 2766 ordinarius
871 2714 1046 2770 dieseslabrs,
1068 2713 1096 2762 L.
1106 2713 1150 2763 Li-

76 2803 151 2839 wenn
169 2803 226 2838 mnu
243 2804 271 2838 os
289 2789 362 2839 ibnen
379 2788 421 2839 bei
440 2789 487 2838 der
500 2786 588 2836 Unter-
638 2785 680 2834 bo.
709 2783 735 2834 S.
744 2799 775 2832 zu
785 2798 807 2832 c.
818 2785 858 2838 27.
879 2781 932 2832 Nro
944 2784 974 2832 to
988 2781 1035 2829 der
1045 2780 1151 2831 Stemm-

75 2857 190 2918 sucbung
211 2856 333 2918 vorlegte.
369 2855 429 2906 nas
452 2855 588 2905 Erkeuueu
638 2850 710 2902 talei.
742 2851 779 2900 Er
795 2850 861 2900 wird
879 2865 926 2899 von
944 2848 1095 2900 Tac.=uicbt
1112 2848 1150 2900 als

76 2924 111 2974 ist
128 2923 191 2973 eber
209 2922 265 2975 bier
281 2923 306 2973 in
324 2923 589 2986 engererBedeutung
640 2917 733 2969 Consul
761 2918 921 2976 bezeichnen,
957 2916 1017 2967 'vreil
1043 2932 1073 2967 cr
1096 2917 1151 2969 dies

76 3006 126 3040 von
137 2991 193 3040 dem
203 2997 299 3053 gesegt.
309 2991 420 3041 welcber
436 2999 511 3052 sngt
528 2991 588 3040 dass
638 2990 697 3038 Amt
706 2987 782 3038 sebon
796 2986 967 3048 niedergelegt
976 2987 1054 3035 batte.
1079 2983 1151 3036 liena

75 3074 106 3111 er
123 3058 244 3115 erkennt,
275 3058 357 3108 indem
380 3065 452 3108 ronst
468 3058 523 3108 sein
541 3058 589 3108 lir-
640 3056 680 3105 die
699 3053 835 3105 ordinarii
850 3054 1010 3104 bekleideten
1028 3054 1073 3103 das
1087 3054 1152 3105 Con-

76 3126 175 3175 kenoen
199 3122 247 3175 rinr
263 3127 406 3176 vermutbct
421 3125 503 3182 wird,
534 3124 589 3175 also
641 3122 709 3173 surlet
726 3121 880 3185 gewdbulicb
901 3136 948 3172 nur
958 3121 998 3171 bis
1010 3137 1066 3172 zum
1081 3124 1152 3173 lsteu

81 3192 249 3250 ‘morionem
270 3193 321 3243 wie
338 3208 361 3242 e.
374 3194 406 3244 30
425 3191 589 3257 adgnoscen-
639 3189 706 3240 Juli:
739 3190 804 3239 daun
829 3197 912 3240 traten
938 3204 968 3239 eo
995 3189 1048 3238 ilrre
1072 3188 1151 3240 Stelle

78 3265 117 3310 ter
132 3275 230 3311 emor.
263 3259 321 3311 XV.
339 3262 371 3312 6⁰
389 3275 426 3310 an
443 3259 515 3311 dieta
532 3257 590 3311 Na·
641 3258 682 3307 die
699 3257 812 3319 mffecti.
848 3257 895 3307 Die
909 3255 1088 3318 Verbandluug
1106 3257 1151 3308 des

78 3326 142 3377 talah
158 3342 261 3392 suaque
276 3343 320 3377 rea
339 3342 405 3377 oneo
421 3331 548 3377 nosceret.
640 3325 843 3375 Processeswar
854 3324 1020 3391 aberspdter.
1039 3323 1066 3374 S.
1076 3326 1147 3375 e32.

112 3396 137 3445 b
153 3392 282 3445 Flaccum
325 3393 492 3445 secularium
530 3392 587 3456 Vgl.
641 3394 767 3443 Bonnense.

77 3459 123 3511 vl.
138 3463 180 3525 lt).
676 3461 717 3510 23.
727 3458 836 3508 tenum
844 3458 910 3509 wird
924 3457 1075 3519 ibertragen
1087 3456 1150 3505 auclr

114 3530 153 3581 ll.
172 3527 257 3581 donec
279 3530 339 3591 geht
355 3527 450 3578 zurdck
467 3527 514 3577 nul
528 3542 590 3577 con·
640 3525 687 3577 mit
719 3526 852 3590 supplices
885 3540 961 3576 voces
995 3523 1148 3573 verbunden.

77 3595 193 3645 mettim
221 3595 330 3647 addidet
362 3623 396 3633 -
426 3596 589 3646 commotior.
640 3594 713 3655 virg.
735 3595 796 3643 Aen.
814 3592 915 3644 lll.l'ld
934 3591 1063 3653 tendoque
1079 3590 1153 3653 snpi-

78 3661 126 3712 llie
149 3663 312 3713 dncwiscbeu
335 3663 471 3714 stebeuden
495 3659 590 3711 Worte
641 3675 692 3711 nae
708 3659 753 3710 Ad
769 3660 872 3709 coelum
892 3673 952 3709 cnm
968 3671 1031 3706 voco
1048 3669 1151 3706 manns.

77 3729 135 3779 sind
162 3729 349 3796 parenthetiseb
375 3745 421 3779 zur
446 3728 593 3790 Erlrltirung
641 3727 762 3778 Aebolicb
780 3727 810 3776 ll.
827 3726 846 3776 l.
860 3728 901 3778 63.
1074 3788 1079 3800 ⁸

77 3796 124 3847 des
140 3795 298 3847 Renebmcus
315 3796 487 3849 des'l'iberius
506 3796 591 3847 binau·
676 3793 792 3856 libellos‚
819 3793 859 3843 die
883 3788 1149 3845 Delatiousscbrrllem

77 3864 177 3927 muge.
199 3864 275 3915 Adeo
287 3864 378 3926 gebdrt
387 3864 510 3915 uatirliob
521 3862 590 3914 bloss
642 3866 765 3911 auctores
782 3859 823 3908 die
842 3858 938 3908 wolcbe
951 3859 988 3908 sio
998 3856 1160 3919 cingereiclrt-
