2550 4350
137 324 202 397 308
520 330 666 385 cornuum
684 331 796 385 raeiri
1051 349 1054 354 ,
1079 339 1201 395 uuus

138 490 291 553 sinistram
314 489 344 548 in
367 487 439 549 urbe
462 489 583 560 lamam,
606 487 743 566 pleraque
765 487 850 547 sceda
872 485 1046 559 memorari,
1069 496 1201 549 ceterum

138 575 277 654 regendis
305 572 464 652 provinciis
493 573 591 652 prisca
619 572 724 632 virtute
757 573 825 650 egit.
875 572 958 632 Unde
985 591 1142 650 regressus
1171 581 1202 633 et

81 660 87 676 ¹
139 652 295 739 formidine
317 658 349 718 C.
367 657 512 728 Caesaris,
537 656 730 718 familiaritate
752 655 863 717 Claudii
885 665 969 736 turpe
992 657 1023 716 in
1046 657 1201 718 servitium

138 753 267 807 mutatus
290 743 438 822 exemplar
460 752 530 822 aput
551 752 690 822 posteros
714 741 865 802 adulatorii
888 741 1042 802 dedecoris
1064 742 1199 815 babetur,

138 838 350 908 cesseruntque
373 828 466 907 prima
488 827 659 906 postremis,
683 835 712 886 et
733 826 810 886 hona
831 826 965 887 iuventae
989 835 1126 888 senectus
1142 829 1226 889 lla-5

86 916 245 993 ddgitiosa
274 914 463 975 oblitteravit.
508 913 602 972 Ater
628 911 737 990 regulis
759 911 843 989 prior
864 911 1045 972 Mithridates
1068 912 1197 973 Pharas-

136 1018 253 1061 manem
273 997 401 1078 perpulit
423 997 491 1057 dolo
514 1005 544 1057 et
571 998 598 1057 vi
629 1005 752 1056 conatus
781 998 995 1067 suosiuvare,
1029 997 1197 1076 repertique

137 1093 328 1163 corruptores
358 1082 511 1142 ministros
534 1081 650 1142 Arsacis
680 1081 772 1141 multo
801 1099 872 1141 auro
896 1081 932 1140 ad
955 1081 1051 1142 scelus
1074 1092 1196 1160 aeguum

136 1167 223 1230 simul
245 1166 346 1228 Hiberi
369 1166 597 1244 magniscopiis
619 1165 785 1226 Armeniam
808 1166 979 1244 inrumpunt
1001 1175 1029 1226 et
1051 1166 1124 1226 urbo
1139 1167 1196 1228 hr-

136 1261 230 1314 taxata
258 1253 420 1330 potiuntur.
464 1250 553 1322 -Quae
582 1259 739 1329 postquam
767 1250 912 1310 Artabano
941 1251 1070 1329 cognita,
1102 1252 1240 1311 liliumto

136 1336 267 1399 Orodem
297 1337 423 1396 ultorem
451 1343 552 1413 param
589 1337 637 1396 dat
666 1335 842 1395 Parthorum
878 1336 994 1413 copias,
1032 1336 1120 1396 mittit
1148 1337 1197 1415 qui

137 1422 242 1483 auxilia
277 1421 411 1481 mercede
447 1422 583 1480 facerent.
648 1419 755 1478 Contra
787 1419 999 1481 Pharasmanes
1037 1421 1196 1498 adiungere

136 1504 278 1579 Albanos,
303 1505 396 1566 accire
420 1505 585 1576 Sarmatae,
615 1523 739 1582 quorum
767 1505 917 1583 sceptuchi
941 1505 1086 1583 utrimque
1110 1506 1196 1567 donis

135 1590 263 1669 acceptis
287 1609 369 1651 more
392 1589 507 1668 gentico
531 1589 646 1649 diversa
674 1589 806 1650 induere.
859 1591 918 1651 Sed
940 1590 1040 1651 Hiberi
1064 1591 1196 1651 locorum

135 1683 272 1755 potentes
296 1675 402 1754 Caspia
424 1674 469 1735 via
493 1674 655 1735 Sarmatam
677 1673 707 1734 in
724 1675 879 1735 Armenios
901 1675 1007 1754 raptim
1031 1677 1194 1736 effundunt.
1210 1688 1240 1736 to

135 1760 241 1840 Atqui
264 1761 381 1821 Parthis
404 1758 614 1833 adventabant,
638 1758 720 1820 facile
742 1759 931 1831 arcebantur,
962 1779 1028 1820 cum
1051 1760 1125 1821 alios
1149 1762 1197 1821 in-

137 1864 240 1907 cessus
263 1846 359 1907 hostis
382 1844 554 1918 clausisset,
588 1864 678 1905 unum
701 1844 862 1923 reliquum,
890 1864 970 1906 mare
992 1845 1069 1906 iuter
1091 1856 1120 1906 et
1143 1865 1195 1906 ex-

135 1941 247 1991 tremos
275 1931 454 1991 Albanorum
483 1937 617 2004 montes,
649 1937 744 1990 aestas
773 1929 942 2007 impediret,
975 1930 1042 2008 quia
1076 1930 1192 1990 llalihus

136 2016 292 2076 etesiarum
321 2016 480 2095 implentur
508 2015 595 2075 vada:
629 2014 771 2075 hibernus
806 2023 906 2075 auster
933 2015 1053 2075 revolvit
1077 2016 1190 2084 tluotus,

81 2099 279 2178 adpulsaque
309 2101 455 2161 introrsus
478 2101 552 2159 lreto
575 2098 675 2164 brevia
706 2098 825 2160 litorum
860 2100 1016 2160 nudantur.
1068 2096 1189 2156 Interim
1201 2107 1236 2156 20,

135 2185 255 2247 Oroden
277 2185 426 2245 sociorum
449 2185 568 2261 inopem
596 2192 698 2243 auctus
726 2183 834 2243 auxilio
858 2184 1066 2245 Pharasmanes
1088 2199 1193 2242 vooare

133 2271 168 2330 ad
190 2288 318 2347 pugnam
341 2277 370 2328 et
392 2269 601 2328 detrectantem
624 2268 787 2340 incessere,
811 2269 980 2348 adequitare
1002 2266 1120 2338 castris,
1143 2265 1191 2326 in-

133 2354 250 2413 lensare
273 2352 393 2430 pabula3
425 2372 458 2412 ac
485 2370 573 2431 saepe
601 2352 631 2412 in
654 2353 775 2413 modum
799 2353 905 2414 obsidii
928 2353 1103 2416 stationibus
1127 2353 1192 2413 oin-

132 2437 227 2515 gebat
251 2437 346 2497 donec
368 2436 467 2497 Parthi
490 2438 732 2498 contumeliarum
755 2439 917 2500 insolentes
941 2439 1195 2500 circumsisterent

132 2541 247 2600 regem,
281 2531 440 2600 poscerent
467 2521 623 2599 proelium.
673 2527 771 2602 Atque
796 2523 852 2584 illis
876 2524 938 2585 sola
960 2523 989 2583 in
1012 2523 1115 2605 equite¹
1132 2522 1233 2595 vis225

131 2607 344 2685 Pharasmanes
372 2616 401 2666 et
429 2606 526 2686 pedite
554 2607 677 2669 valebat.
727 2608 801 2668 Nam
821 2608 923 2690 iliberi
945 2607 1106 2686 Albanique
1130 2607 1191 2667 sal-

132 2702 236 2753 tuosos
264 2692 346 2752 locos
376 2692 539 2753 incolentes
562 2693 692 2773 >duritiae
725 2694 940 2773 patientiaeque
967 2693 1060 2773 magis
1088 2692 1191 2753 insue-

164 2828 340 2890 bregressus
353 2833 425 2875 uuter
441 2825 562 2889 Caligula.
589 2826 636 2876 Dio
687 2831 774 2893 raptis
791 2832 911 2893 repente,
938 2826 1073 2887 ubifures
1090 2825 1199 2876 abditae

128 2893 196 2944 LlX.
210 2897 251 2945 27.
664 2912 666 2917 ’
686 2895 797 2956 ferratas
821 2896 952 2956 trabibus,
979 2895 1069 2943 subter·
1094 2893 1197 2942 medias

161 2954 209 3016 33.
233 2963 256 3013 8.
277 2965 390 3024 cogunt:
416 2961 578 3012 dherwiudeu
597 2963 638 3013 ihr
687 2977 764 3012 amne
781 2962 837 3010 diri
852 2960 941 3010 odoras
957 2962 1056 3021 florente
1074 2964 1197 3024 ultraque

127 3026 333 3077 Widerstrebeu.
686 3032 715 3078 in
740 3044 807 3092 rupo
833 3027 954 3089 castello,
982 3028 1054 3091 quod
1083 3034 1196 3077 uocatur

162 3098 184 3147 9.
203 3095 346 3146 Automala.
383 3096 408 3146 S.
429 3112 460 3146 zu
479 3096 509 3146 ll.
524 3100 564 3148 56.
688 3095 822 3157 Cumania,
841 3096 1001 3144 communito
1014 3094 1052 3144 od
1063 3095 1195 3144 arcendas

165 3165 204 3214 13.
225 3163 307 3214 [leber
324 3164 364 3212 die
383 3164 528 3214 Albaner
552 3181 582 3213 zu
602 3164 631 3214 ll.
686 3164 801 3212 trauecta
811 3163 1075 3224 gentest'unumerus,
1094 3163 1196 3212 idilooe'

128 3232 169 3282 68.
206 3231 251 3280 Die
271 3232 440 3282 Sarmateu
467 3234 583 3282 wolmten
601 3231 634 3280 im
686 3235 819 3278 terrarum
837 3229 899 3277 orde
912 3231 1000 3293 portis
1016 3228 1139 3291 discluso,
1159 3246 1195 3279 em

126 3296 229 3349 Norden
247 3300 291 3349 des
310 3300 447 3352 Caucasus.
484 3298 576 3348 'Ueher
594 3298 634 3346 die
685 3295 795 3346 adverso
807 3298 923 3345 maaoe'me
935 3296 1087 3358 Hermastts,
1098 3297 1193 3359 oppida·

127 3366 281 3433 Sceptucbeu
300 3369 390 3420 Strabo
409 3368 453 3418 Xl.
470 3369 492 3424 2,
507 3368 535 3417 13
555 3360 634 3413 davu—
683 3363 817 3412 Hiberum.

127 3433 269 3486 στεύονται
286 3433 350 3488 1ὑπὸ
376 3437 432 3485 τῶν
460 3430 633 3498 καλουμένων
720 3434 757 3482 l'l.
776 3447 858 3495 mure,
876 3433 921 3481 dus
940 3432 1084 3498 Caspische.

127 3500 316 3572 σκηπτούχων·
344 3501 390 3553 καὶ
413 3497 491 3552 αὐτοὶ
509 3496 539 3548 δὲ
557 3485 633 3549 οὗτοι
718 3502 757 3551 20.
777 3501 875 3564 breuia,
896 3501 936 3550 die
955 3501 1065 3551 soiohtcu
1085 3499 1187 3558 Stellen‚

125 3565 177 3622 dnh
196 3565 371 3642 τυράννοιςῆ
386 3565 541 3634 βασιλεῦσίν
553 3561 628 3616 εἰσιν.
686 3567 824 3625 ‘Untieleu’,
851 3565 885 3618 τὰ
901 3567 1018 3638 βραχέα,
1044 3568 1094 3618 wie
1114 3567 1131 3617 l.
1147 3572 1190 3619 70.

163 3643 330 3704 lbgoatico.
366 3638 390 3686 S.
412 3653 442 3684 zu
462 3634 556 3685 tltaa.
681 3635 804 3689 XlV.29.
842 3637 913 3700 Virg.
935 3643 996 3688 Aen.
1017 3637 1035 3686 l.
1053 3640 1100 3688 110
1133 3635 1194 3686 Tris

164 3711 199 3758 lb.
220 3708 315 3771 Caspia
333 3719 376 3753 aaa
395 3704 471 3752 durch
485 3702 525 3752 die
536 3702 632 3752 Cauca·
683 3720 763 3755 aaran
779 3706 812 3755 ab
831 3705 885 3755 alto
902 3706 935 3755 In
953 3708 1043 3756 breuia
1067 3711 1092 3755 et
1108 3707 1193 3770 spatio

126 3774 224 3825 siscb‘eu
242 3774 333 3823 Tlrore.
363 3770 425 3820 Pliu.
448 3771 504 3819 hist.
525 3770 628 3821 nauvl.
682 3779 769 3823 aroer.

129 3844 224 3898 tuto:
249 3841 345 3889 Portae
365 3838 515 3901 Caucasiae,
533 3855 632 3904 magno
714 3807 820 3897 34:25.
840 3856 936 3905 rogem.
970 3842 1002 3891 So
1014 3841 1112 3892 beissen
1127 3842 1191 3890 auch

126 3923 217 3958 errore
233 3908 323 3957 maalta's
343 3906 453 3973 Caspiae
471 3907 564 3971 dietae,
591 3910 632 3958 ia·
683 3908 723 3959 die
742 3908 896 3971 ldniglicheu
915 3909 1030 3960 Prinzen.

122 3992 192 4040 gono
204 3980 319 4026 naturae
330 3991 396 4042 opus
406 3977 538 4029 montibus
549 3979 631 4028 iater-
