2550 4350
121 272 184 335 120
518 273 676 327 conunnu
694 272 807 326 raom
1077 276 1197 341 (ense

120 447 212 517 pente
229 433 418 503 obscuratus,
433 438 463 491 et
479 437 575 491 tactae
591 429 628 490 de
640 428 724 491 caelo
743 424 984 517 quattuordecim
999 425 1090 488 urbis
1102 428 1196 511 regio-

120 538 187 582 nes.
232 519 316 590 Quae
338 516 413 576 adeo
437 515 504 575 sine
526 532 597 575 cura
619 513 706 574 deum
729 511 913 582 eveniebant,
937 521 971 570 ut
993 512 1110 573 multos
1131 520 1217 593 post,-

121 621 216 665 annos
239 603 318 663 Nero
342 598 502 678 imperium
525 607 556 659 et
578 598 693 658 scelera
716 594 945 656 continuaverit.
977 594 1125 657 Ceterum
1141 614 1196 677 qno

120 695 255 765 gravaret
276 683 417 745 invidiam
443 683 545 743 matris
562 700 656 760 eaque
672 681 790 742 demota
805 688 920 741 auctam
936 678 1099 742 lenitatem
1115 699 1194 741 suam

112 770 341 840 testificaretur,
365 767 491 827 feminas
507 766 639 826 illustres
654 764 769 826 Iuniam
785 773 815 824 et
830 763 1033 842 Calpurniam,
1059 774 1212 843 praeturas

120 852 396 915 functosVelerium
406 851 581 930 Capitonem
594 858 624 911 et
634 848 783 910 Licinium
792 847 938 909 Gabolum
951 848 1080 910 sedibus
1093 850 1194 928 patriis

120 937 268 1008 reddidit,
292 935 335 996 ab·
351 936 516 1014 Agrippina
542 933 613 994 olim
635 934 751 1012 pulsos.
795 931 892 992 Etiam
915 931 1033 993 Lolliae
1052 933 1195 1013 Paulinae

122 1020 240 1084 cineres
263 1020 412 1099 reportari
428 1015 659 1099 sepulcrumque
677 1015 772 1078 extrui
789 1015 942 1094 permisit,
967 1035 1112 1097 quosque
1124 1018 1195 1099 ¹ipsc

120 1123 218 1185 nuper
239 1104 440 1182 relegaverat,
464 1103 589 1163 Iturium
604 1111 642 1162 .et
664 1101 826 1163 Calvisium
848 1118 945 1179 poena
971 1101 1097 1163 exolvit.
1098 1082 1201 1249 R

121 1188 225 1250 Silana
247 1189 308 1248 lato
337 1190 438 1249 luucta
467 1197 545 1258 erat,
583 1185 748 1264 longinquo
782 1185 818 1246 ab
843 1185 933 1247 exilio
957 1185 1095 1247 Tarentu
1203 1193 1223 1243 tt

120 1288 224 1349 gressa
251 1271 371 1334 labante
400 1272 459 1332 iam
481 1270 660 1349 Agrippina,
698 1270 783 1330 cuius
810 1268 980 1330 inimicitiis
1010 1270 1196 1345 conciderat,

120 1354 167 1416 vel
189 1355 308 1417 taudem
332 1356 476 1432 mitigata.

70 1435 109 1497 13
191 1440 378 1501 ...cunctari
401 1439 431 1499 in
454 1437 575 1517 oppidis
599 1436 793 1514 Campaniae,
821 1454 950 1516 quonam
973 1438 1068 1498 modo
1092 1437 1197 1500 urbem

121 1521 345 1599 ingrederetur,
368 1541 406 1582 au
429 1521 607 1600 obsequium
631 1528 769 1593 senatus,
800 1539 838 1583 an
861 1520 959 1580 studia
983 1521 1087 1598 plebis
1111 1541 1196 1602 repe·

118 1605 193 1667 riret
214 1607 330 1667 anxius.
374 1606 485 1666 Contra
508 1605 687 1666 deterrimus
711 1605 852 1684 quisque,
888 1623 1016 1683 quorum
1049 1625 1113 1668 non
1137 1608 1224 1668 alian

120 1688 203 1766 regia
226 1690 385 1751 secundior
407 1689 517 1762 extitit,
551 1689 681 1750 invisum
702 1689 887 1768 Agrippinae
910 1707 1021 1749 nomen
1046 1701 1079 1760 et
1101 1700 1195 1753 morte

122 1771 189 1833 eius
213 1792 373 1835 accensum
394 1775 499 1856 populi
523 1776 655 1835 savorem
678 1773 845 1834 disserunt:
880 1773 937 1833 iret
967 1773 1145 1853 intrepidus
1167 1784 1194 1837 et

120 1858 345 1919 venerationem
368 1859 416 1919 sui
439 1878 540 1920 coram
564 1858 759 1937 experiretur.
803 1856 898 1918 Simul
920 1859 1083 1935 praegredi
1108 1878 1195 1941 expo·

120 1949 218 2003 scunt.
277 1943 314 2002 El
337 1944 525 2023 promptiora
548 1961 635 2020 quam
659 1942 861 2018 promiserant
883 1941 1057 2016 inveniunt,
1091 1942 1193 2007 obvim

120 2024 232 2097 tribus,
256 2027 334 2088 festo
358 2027 437 2088 cultu
461 2036 612 2096 senatum,
643 2026 803 2103 coniugum
825 2044 861 2086 ac
882 2025 1048 2086 liberorum
1072 2026 1224 2106 agminatt

120 2127 176 2187 per
196 2128 300 2171 sexum
324 2119 352 2170 et
375 2119 500 2170 aetatem
534 2108 699 2187 disposita,
735 2117 901 2181 extructos,
928 2126 993 2187 ‘qua
1027 2110 1192 2186 incederet,

118 2194 359 2271 spectaculorum
389 2194 512 2269 gradus,
547 2211 605 2270 quo
634 2192 724 2252 modo
748 2193 890 2271 triumphi
920 2193 1068 2255 visuntur.
1118 2196 1192 2259 Hinc

119 2276 268 2353 superbus
292 2295 326 2337 ac
348 2276 459 2352 publici
495 2276 608 2335 servitii
640 2275 738 2335 victor
759 2275 937 2354 Capitolium
966 2277 1059 2351 adiit,
1095 2292 1192 2365 grates

120 2357 248 2431 exolvit,
281 2366 376 2436 'seque
398 2358 428 2418 in
452 2377 557 2418 omnes
580 2358 722 2427 libidines
747 2361 869 2434 elludit,
898 2380 972 2440 quas
1002 2364 1083 2425 male
1108 2372 1192 2427 coer-

68 2444 108 2503 14
120 2440 195 2501 citas
218 2442 444 2520 qualiscumque
467 2443 571 2504 matris
595 2445 761 2505 reverentia
792 2447 968 2506 tardaverat.
1024 2447 1120 2509 Vetus
1148 2448 1223 2511 iuras

120 2523 230 2602 cupido
255 2536 317 2587 erat
340 2527 489 2588 curriculo
513 2528 725 2607 quadrigarum
741 2529 896 2602 insistere,
921 2546 977 2589 nec
1000 2530 1105 2593 miuus
1128 2534 1190 2595 loe·

115 2607 190 2668 dum
212 2608 343 2671 studium
367 2612 482 2673 cithara
504 2613 651 2675 ludicrum
674 2612 705 2673 in
722 2613 842 2675 modum
859 2633 976 2675 canere.
1007 2614 1193 2679 Concertaro

111 2745 272 2793 stoctonam
287 2747 379 2809 sensit·
398 2744 510 2797 Corbulo
525 2747 582 2795 due
595 2750 625 2795 in
712 2747 752 2797 23.
774 2745 935 2812 Capitolium
958 2744 1030 2795 adiit
1073 2716 1131 2799 wie
1152 2748 1191 2801 die

113 2806 245 2883 menie
270 2813 461 2893 inimieorum
478 2814 540 2894 diei
554 2813 625 2893 ⁴dcci·
676 2810 894 2879 Triumpbaloren.
917 2813 943 2863 S.
964 2828 996 2861 zu
1013 2784 1046 2862 ll'.
1068 2816 1113 2867 20.
1146 2826 1175 2847 '²'

112 2879 624 3009 Ὕοξῧῧῗῖηάἷῖἰέινξιῇῗιῖΐὲῑΐ
709 2908 757 2969 14.
773 2915 812 2964 27.
827 2914 960 2963 ludicrum
972 2915 1002 2961 iu
1011 2914 1133 2979 modum,
1143 2915 1192 2967 wic

109 3024 168 3061 acea.
185 3009 407 3063 lusovielViertcl
416 3013 484 3062 batte
497 3015 623 3073 Augustus

115 3076 156 3127 dio
174 3074 248 3126 stau
265 3077 376 3139 gotholia.

676 2994 704 3029 es
722 2979 763 3029 bei
782 2978 1049 3045 bllentlicbenSpielen
1068 2984 1187 3043 goscbab,

679 3045 726 3096 ‘als
736 3047 856 3096 Kinstler
872 3063 921 3096 von
939 3048 985 3097 der
997 3046 1101 3107 Bubue’,
1125 3050 1192 3101 niebt

148 3144 172 3193 2·
193 3145 251 3192 sine
268 3152 334 3193 em
346 3144 432 3192 dmm·
471 3144 497 3194 S·
507 3144 621 3198 dieffinl.
677 3114 714 3163 als
733 3112 862 3170 Dilcttaut,
884 3129 915 3162 zu
933 3115 1029 3164 seiuem
1041 3113 1191 3169 Privatvar·
1225 3128 1229 3135 '

115 3207 141 3258 s.
162 3207 232 3258 xlv.
456 3238 462 3253 .
654 3182 782 3263 ,tuisve

149 3276 173 3325 5.
194 3274 308 3326 Iuniam.
329 3276 354 3326 S.
364 3275 477 3330 ΧΙΙ.4ιι.
487 3282 510 3331 8.
541 3281 624 3331 Ueber
710 3276 869 3327 Ooocertore
886 3283 960 3343 equis
978 3281 1125 3336 -ssdutum,
1156 3284 1192 3334 Ει·

115 3338 263 3407 Calpurnia
281 3341 623 3397 xll.22.1leberdiehei-
673 3343 751 3393 meiol
786 3344 826 3394 die
861 3345 1045 3413 olympiscbcn,
1095 3350 1190 3402 nemci.

113 3408 163 3459 den
172 3409 315 3471 llolgcndeu
326 3412 436 3463 batTao.
452 3417 545 3465 verber
556 3413 624 3463 uicbt
674 3412 762 3466 seben,
786 3411 946 3463 isthmiscben
968 3416 1017 3463 und
1036 3418 1188 3482 pytbisehen

66 3512 69 3517 -
112 3474 244 3527 bericbtel.
673 3476 765 3542 Spiele,
787 3495 828 3528 wo
848 3480 888 3529 die
902 3481 1076 3543 griechischen
1090 3484 1189 3548 Kbuigc

148 3543 436 3598 7.Lolliocl’culr'nae.
474 3546 499 3595 S.
509 3544 567 3594 ΧΗ.
578 3546 618 3606 22.
673 3545 724 3593 und
741 3544 893 3604 Feldberrn,
914 3549 964 3597 wie
984 3549 1092 3607 llieron,
1121 3551 1189 3602 Tbe-

146 3614 172 3664 9.
209 3612 325 3663 Iturium
353 3621 379 3663 et
403 3614 554 3663 Calvisium.
593 3610 618 3659 S.
673 3626 734 3670 ron,
764 3613 921 3671 Alcibiades,
955 3614 1057 3677 Wagen
1091 3633 1188 3668 rennen

112 3675 181 3729 Xlll.
203 3679 275 3731 tell.
312 3680 416 3729 Elveudu
435 3679 497 3727 iiber
515 3676 619 3726 Silana.
673 3678 775 3730 liessen.
822 3679 877 3729 lbrc
904 3681 978 3743 Siege
1003 3684 1110 3735 wurden
1137 3702 1187 3737 von

146 3740 244 3800 lala.
266 3745 469 3794 brentamerse
492 3752 559 3793 ctwa
577 3744 623 3794 mit
674 3747 721 3795 den
746 3747 893 3796 berdhmten
918 3749 1092 3811 griechischen
1111 3752 1188 3807 Luri-

112 3810 275 3861 deuWorlen
294 3810 439 3859 AtCaesar
456 3810 620 3864 auszulirllen.
673 3813 736 3862 kern
753 3813 888 3875 besungen,
910 3831 958 3864 von
978 3816 1054 3865 deren
1066 3805 1187 3881 Siegsge·

146 3891 260 3938 quonum
279 3905 310 3913 —
329 3877 515 3940 ingrederetur
533 3879 623 3941 gebbrt
673 3882 766 3941 singen
793 3880 844 3930 wir
870 3884 933 3933 nocb
961 3883 1000 3932 die
1025 3884 1070 3934 des
1089 3885 1188 3938 Pindar

111 3956 144 3991 zu
162 3945 267 3993 αιιτεὶιιι.
674 3946 762 3996 haben.
