<?xml version="1.0" encoding="UTF-8"?>
<!DOCTYPE html PUBLIC "-//W3C//DTD XHTML 1.0 Transitional//EN"
    "http://www.w3.org/TR/xhtml1/DTD/xhtml1-transitional.dtd">
<html xmlns="http://www.w3.org/1999/xhtml" xml:lang="en" lang="en">
 <head>
  <title>
</title>
<meta http-equiv="Content-Type" content="text/html;charset=utf-8" />
  <meta name='ocr-system' content='tesseract 3.04.00' />
  <meta name='ocr-capabilities' content='ocr_page ocr_carea ocr_par ocr_line ocrx_word'/>
</head>
<body>
  <div class='ocr_page' id='page_1' title='image "./corneliustacitu00claugoog_0346.png"; bbox 0 0 2550 4350; ppageno 0'>
   <div class='ocr_carea' id='block_1_1' title="bbox 34 267 995 355">
    <p class='ocr_par' dir='ltr' id='par_1_1' title="bbox 34 267 995 355">
     <span class='ocr_line' id='line_1_1' title="bbox 34 267 995 355; baseline 0.011 -21"><span class='ocrx_word' id='word_1_1' title='bbox 34 267 37 272; x_wconf 79' lang='grc'>’</span> <span class='ocrx_word' id='word_1_2' title='bbox 99 292 277 355; x_wconf 53' lang='lat' dir='ltr'>ticianae)</span> <span class='ocrx_word' id='word_1_3' title='bbox 356 291 398 341; x_wconf 76' lang='lat' dir='ltr'>aa</span> <span class='ocrx_word' id='word_1_4' title='bbox 418 289 570 341; x_wconf 83' lang='lat' dir='ltr'>excessu</span> <span class='ocrx_word' id='word_1_5' title='bbox 588 288 656 342; x_wconf 83' lang='lat' dir='ltr'>orvi</span> <span class='ocrx_word' id='word_1_6' title='bbox 674 290 815 342; x_wconf 77' lang='lat' dir='ltr'>anousrr</span> <span class='ocrx_word' id='word_1_7' title='bbox 834 292 876 342; x_wconf 86' lang='lat' dir='ltr'>vr.</span> <span class='ocrx_word' id='word_1_8' title='bbox 897 297 938 344; x_wconf 77' lang='lat'>27.</span> <span class='ocrx_word' id='word_1_9' title='bbox 954 297 995 345; x_wconf 75' lang='lat' dir='ltr'>no.</span> 
     </span>
    </p>
   </div>
   <div class='ocr_carea' id='block_1_2' title="bbox 1110 286 1174 350">
    <p class='ocr_par' dir='ltr' id='par_1_2' title="bbox 1110 286 1174 350">
     <span class='ocr_line' id='line_1_2' title="bbox 1110 286 1174 350; baseline 0.047 -3"><span class='ocrx_word' id='word_1_10' title='bbox 1110 286 1174 350; x_wconf 82' lang='lat'>303</span> 
     </span>
    </p>
   </div>
   <div class='ocr_carea' id='block_1_3' title="bbox 79 437 1256 946">
    <p class='ocr_par' dir='ltr' id='par_1_3' title="bbox 79 437 1256 946">
     <span class='ocr_line' id='line_1_3' title="bbox 105 437 1171 528; baseline 0.008 -23"><span class='ocrx_word' id='word_1_11' title='bbox 105 446 217 507; x_wconf 82' lang='lat' dir='ltr'>vineias</span> <span class='ocrx_word' id='word_1_12' title='bbox 240 445 436 520; x_wconf 76' lang='lat' dir='ltr'>adigerentur,</span> <span class='ocrx_word' id='word_1_13' title='bbox 461 445 569 504; x_wconf 90' lang='lat' dir='ltr'>oblitus</span> <span class='ocrx_word' id='word_1_14' title='bbox 588 445 768 515; x_wconf 77' lang='lat' dir='ltr'><strong>Arruntium,</strong></span> <span class='ocrx_word' id='word_1_15' title='bbox 793 465 829 506; x_wconf 91' lang='lat' dir='ltr'>ne</span> <span class='ocrx_word' id='word_1_16' title='bbox 852 446 881 504; x_wconf 95' lang='lat' dir='ltr'>in</span> <span class='ocrx_word' id='word_1_17' title='bbox 907 447 1077 524; x_wconf 85' lang='lat' dir='ltr'>Hispaniam</span> <span class='ocrx_word' id='word_1_18' title='bbox 1101 437 1171 528; x_wconf 75' lang='lat' dir='ltr'>per-</span> 
     </span>
     <span class='ocr_line' id='line_1_4' title="bbox 99 530 1173 608; baseline 0.007 -18"><span class='ocrx_word' id='word_1_19' title='bbox 99 539 201 608; x_wconf 82' lang='lat' dir='ltr'>·geret,</span> <span class='ocrx_word' id='word_1_20' title='bbox 238 530 383 589; x_wconf 72' lang='lat' dir='ltr'>decimum</span> <span class='ocrx_word' id='word_1_21' title='bbox 414 530 471 588; x_wconf 84' lang='lat' dir='ltr'>iarn</span> <span class='ocrx_word' id='word_1_22' title='bbox 501 548 608 588; x_wconf 77' lang='lat' dir='ltr'>annunt</span> <span class='ocrx_word' id='word_1_23' title='bbox 632 530 759 589; x_wconf 89' lang='lat' dir='ltr'>attineri.</span> <span class='ocrx_word' id='word_1_24' title='bbox 810 530 892 590; x_wconf 82' lang='lat' dir='ltr'>Obiit</span> <span class='ocrx_word' id='word_1_25' title='bbox 915 532 1018 592; x_wconf 86' lang='lat' dir='ltr'>eodem</span> <span class='ocrx_word' id='word_1_26' title='bbox 1042 553 1119 593; x_wconf 76' lang='lat' dir='ltr'>erano</span> <span class='ocrx_word' id='word_1_27' title='bbox 1144 546 1173 598; x_wconf 89' lang='lat' dir='ltr'>et</span> 
     </span>
     <span class='ocr_line' id='line_1_5' title="bbox 104 614 1171 695; baseline 0.005 -20"><span class='ocrx_word' id='word_1_28' title='bbox 104 617 152 675; x_wconf 87' lang='grc' dir='ltr'>Μ’.</span> <span class='ocrx_word' id='word_1_29' title='bbox 169 616 309 692; x_wconf 87' lang='lat' dir='ltr'>Lepidus,</span> <span class='ocrx_word' id='word_1_30' title='bbox 340 615 375 673; x_wconf 91' lang='lat' dir='ltr'>de</span> <span class='ocrx_word' id='word_1_31' title='bbox 399 614 482 673; x_wconf 86' lang='lat' dir='ltr'>cuins</span> <span class='ocrx_word' id='word_1_32' title='bbox 507 614 710 673; x_wconf 74' lang='lat' dir='ltr'>moderatione</span> <span class='ocrx_word' id='word_1_33' title='bbox 732 626 819 691; x_wconf 84' lang='lat' dir='ltr'>atque</span> <span class='ocrx_word' id='word_1_34' title='bbox 842 615 983 692; x_wconf 74' lang='lat' dir='ltr'><strong>sapientia</strong></span> <span class='ocrx_word' id='word_1_35' title='bbox 1008 618 1037 677; x_wconf 93' lang='lat' dir='ltr'>in</span> <span class='ocrx_word' id='word_1_36' title='bbox 1061 620 1171 695; x_wconf 94' lang='lat' dir='ltr'>priori-</span> 
     </span>
     <span class='ocr_line' id='line_1_6' title="bbox 104 699 1256 782; baseline 0.003 -22"><span class='ocrx_word' id='word_1_37' title='bbox 104 701 160 760; x_wconf 86' lang='lat' dir='ltr'>bus</span> <span class='ocrx_word' id='word_1_38' title='bbox 185 700 267 759; x_wconf 87' lang='lat' dir='ltr'>libris</span> <span class='ocrx_word' id='word_1_39' title='bbox 293 700 365 757; x_wconf 87' lang='lat' dir='ltr'>satis</span> <span class='ocrx_word' id='word_1_40' title='bbox 395 699 554 758; x_wconf 84' lang='lat' dir='ltr'>conlocari.</span> <span class='ocrx_word' id='word_1_41' title='bbox 607 699 707 775; x_wconf 82' lang='lat' dir='ltr'><strong>Neque</strong></span> <span class='ocrx_word' id='word_1_42' title='bbox 735 701 872 759; x_wconf 74' lang='lat' dir='ltr'>nobilitas</span> <span class='ocrx_word' id='word_1_43' title='bbox 903 700 1014 761; x_wconf 85' lang='lat' dir='ltr'>diutins</span> <span class='ocrx_word' id='word_1_44' title='bbox 1044 704 1170 764; x_wconf 77' lang='lat' dir='ltr'>denton-</span> <span class='ocrx_word' id='word_1_45' title='bbox 1253 778 1256 782; x_wconf 19' lang='grc' dir='ltr'>ι</span> 
     </span>
     <span class='ocr_line' id='line_1_7' title="bbox 79 782 1191 873; baseline 0.003 -27"><span class='ocrx_word' id='word_1_46' title='bbox 79 786 224 847; x_wconf 73' lang='lat' dir='ltr'>ostranda</span> <span class='ocrx_word' id='word_1_47' title='bbox 249 791 309 842; x_wconf 88' lang='lat' dir='ltr'>est:</span> <span class='ocrx_word' id='word_1_48' title='bbox 342 783 450 860; x_wconf 82' lang='lat' dir='ltr'>quippe</span> <span class='ocrx_word' id='word_1_49' title='bbox 473 782 627 842; x_wconf 74' lang='lat' dir='ltr'>Aemilium</span> <span class='ocrx_word' id='word_1_50' title='bbox 660 801 753 859; x_wconf 86' lang='lat' dir='ltr'>genus</span> <span class='ocrx_word' id='word_1_51' title='bbox 776 785 932 844; x_wconf 82' lang='lat' dir='ltr'>seeundum</span> <span class='ocrx_word' id='word_1_52' title='bbox 956 787 1101 847; x_wconf 90' lang='lat' dir='ltr'>bonorum</span> <span class='ocrx_word' id='word_1_53' title='bbox 1125 790 1191 873; x_wconf 72' lang='grc' dir='ltr'>εἰ·ι</span> 
     </span>
     <span class='ocr_line' id='line_1_8' title="bbox 102 867 1169 946; baseline 0.005 -17"><span class='ocrx_word' id='word_1_54' title='bbox 102 871 194 945; x_wconf 80' lang='lat' dir='ltr'>rium,</span> <span class='ocrx_word' id='word_1_55' title='bbox 219 877 246 928; x_wconf 91' lang='lat' dir='ltr'>et</span> <span class='ocrx_word' id='word_1_56' title='bbox 270 869 319 946; x_wconf 83' lang='lat' dir='ltr'>qui</span> <span class='ocrx_word' id='word_1_57' title='bbox 343 870 444 927; x_wconf 79' lang='lat' dir='ltr'>earteni</span> <span class='ocrx_word' id='word_1_58' title='bbox 467 867 573 927; x_wconf 86' lang='lat' dir='ltr'>iarniiia</span> <span class='ocrx_word' id='word_1_59' title='bbox 597 868 745 946; x_wconf 80' lang='lat' dir='ltr'>corruptis</span> <span class='ocrx_word' id='word_1_60' title='bbox 769 869 912 939; x_wconf 84' lang='lat' dir='ltr'>moribus,</span> <span class='ocrx_word' id='word_1_61' title='bbox 936 871 1051 932; x_wconf 88' lang='lat' dir='ltr'>inlustri</span> <span class='ocrx_word' id='word_1_62' title='bbox 1072 881 1169 934; x_wconf 87' lang='lat' dir='ltr'>tamen</span> 
     </span>
    </p>
   </div>
   <div class='ocr_carea' id='block_1_4' title="bbox 105 957 344 1030">
    <p class='ocr_par' dir='ltr' id='par_1_4' title="bbox 105 957 344 1030">
     <span class='ocr_line' id='line_1_9' title="bbox 105 957 344 1030; baseline -0.008 -17"><span class='ocrx_word' id='word_1_63' title='bbox 105 957 224 1016; x_wconf 77' lang='lat' dir='ltr'>fortuna</span> <span class='ocrx_word' id='word_1_64' title='bbox 248 973 344 1030; x_wconf 82' lang='lat' dir='ltr'>egere.</span> 
     </span>
    </p>
   </div>
   <div class='ocr_carea' id='block_1_5' title="bbox 10 1036 1223 1711">
    <p class='ocr_par' dir='ltr' id='par_1_5' title="bbox 10 1036 1223 1711">
     <span class='ocr_line' id='line_1_10' title="bbox 96 1036 1223 1116; baseline 0.007 -19"><span class='ocrx_word' id='word_1_65' title='bbox 96 1066 101 1072; x_wconf 91' lang='lat'><em>·</em></span> <span class='ocrx_word' id='word_1_66' title='bbox 189 1039 280 1098; x_wconf 84' lang='lat' dir='ltr'>Panlo</span> <span class='ocrx_word' id='word_1_67' title='bbox 305 1037 393 1096; x_wconf 82' lang='lat' dir='ltr'>Fabio</span> <span class='ocrx_word' id='word_1_68' title='bbox 424 1036 459 1095; x_wconf 89' lang='lat' dir='ltr'>L.</span> <span class='ocrx_word' id='word_1_69' title='bbox 476 1036 589 1095; x_wconf 86' lang='lat' dir='ltr'>Vitetiio</span> <span class='ocrx_word' id='word_1_70' title='bbox 620 1036 792 1097; x_wconf 84' lang='lat' dir='ltr'>oonsulibus</span> <span class='ocrx_word' id='word_1_71' title='bbox 821 1048 890 1114; x_wconf 89' lang='lat' dir='ltr'>post</span> <span class='ocrx_word' id='word_1_72' title='bbox 917 1039 1035 1116; x_wconf 84' lang='lat' dir='ltr'>longum</span> <span class='ocrx_word' id='word_1_73' title='bbox 1065 1045 1223 1108; x_wconf 80' lang='lat' dir='ltr'>saecu-28</span> 
     </span>
     <span class='ocr_line' id='line_1_11' title="bbox 10 1110 1171 1204; baseline 0.004 -22"><span class='ocrx_word' id='word_1_74' title='bbox 10 1110 15 1122; x_wconf 75' lang='grc'>’</span> <span class='ocrx_word' id='word_1_75' title='bbox 103 1124 199 1183; x_wconf 88' lang='lat' dir='ltr'>lorum</span> <span class='ocrx_word' id='word_1_76' title='bbox 228 1124 368 1183; x_wconf 74' lang='lat' dir='ltr'>arniiiturn</span> <span class='ocrx_word' id='word_1_77' title='bbox 393 1123 454 1180; x_wconf 83' lang='lat' dir='ltr'>avis</span> <span class='ocrx_word' id='word_1_78' title='bbox 477 1121 604 1198; x_wconf 79' lang='lat' dir='ltr'>phoenix</span> <span class='ocrx_word' id='word_1_79' title='bbox 633 1120 663 1178; x_wconf 92' lang='lat' dir='ltr'>in</span> <span class='ocrx_word' id='word_1_80' title='bbox 685 1122 846 1199; x_wconf 80' lang='lat' dir='ltr'>Aegyptum</span> <span class='ocrx_word' id='word_1_81' title='bbox 876 1125 955 1183; x_wconf 89' lang='lat' dir='ltr'>venit</span> <span class='ocrx_word' id='word_1_82' title='bbox 977 1126 1171 1204; x_wconf 73' lang='lat' dir='ltr'>praebuitque</span> 
     </span>
     <span class='ocr_line' id='line_1_12' title="bbox 67 1205 1172 1288; baseline 0.002 -19"><span class='ocrx_word' id='word_1_83' title='bbox 67 1220 95 1269; x_wconf 86' lang='lat' dir='ltr'>td</span> <span class='ocrx_word' id='word_1_84' title='bbox 107 1209 258 1268; x_wconf 87' lang='lat' dir='ltr'>materiam</span> <span class='ocrx_word' id='word_1_85' title='bbox 283 1206 464 1266; x_wconf 78' lang='lat' dir='ltr'>doctissimis</span> <span class='ocrx_word' id='word_1_86' title='bbox 488 1206 690 1281; x_wconf 79' lang='lat' dir='ltr'>indigenarum</span> <span class='ocrx_word' id='word_1_87' title='bbox 714 1217 742 1265; x_wconf 92' lang='lat' dir='ltr'>et</span> <span class='ocrx_word' id='word_1_88' title='bbox 767 1205 945 1268; x_wconf 84' lang='lat' dir='ltr'>Graecorum</span> <span class='ocrx_word' id='word_1_89' title='bbox 969 1211 1058 1270; x_wconf 82' lang='lat' dir='ltr'>inulta</span> <span class='ocrx_word' id='word_1_90' title='bbox 1083 1229 1172 1288; x_wconf 86' lang='lat' dir='ltr'>super</span> 
     </span>
     <span class='ocr_line' id='line_1_13' title="bbox 106 1290 1170 1370; baseline 0.002 -17"><span class='ocrx_word' id='word_1_91' title='bbox 106 1313 140 1353; x_wconf 91' lang='lat' dir='ltr'>eo</span> <span class='ocrx_word' id='word_1_92' title='bbox 163 1294 304 1352; x_wconf 86' lang='lat' dir='ltr'>miraculo</span> <span class='ocrx_word' id='word_1_93' title='bbox 329 1291 504 1351; x_wconf 87' lang='lat' dir='ltr'>disserendi.</span> <span class='ocrx_word' id='word_1_94' title='bbox 550 1291 591 1349; x_wconf 82' lang='lat' dir='ltr'>[te</span> <span class='ocrx_word' id='word_1_95' title='bbox 614 1290 720 1367; x_wconf 91' lang='lat' dir='ltr'>quibus</span> <span class='ocrx_word' id='word_1_96' title='bbox 744 1302 919 1367; x_wconf 81' lang='lat' dir='ltr'>congruunt,</span> <span class='ocrx_word' id='word_1_97' title='bbox 948 1302 979 1353; x_wconf 88' lang='lat' dir='ltr'>et</span> <span class='ocrx_word' id='word_1_98' title='bbox 1000 1294 1081 1370; x_wconf 70' lang='lat' dir='ltr'>ptum</span> <span class='ocrx_word' id='word_1_99' title='bbox 1106 1315 1170 1355; x_wconf 88' lang='lat' dir='ltr'>arn-</span> 
     </span>
     <span class='ocr_line' id='line_1_14' title="bbox 104 1374 1170 1455; baseline 0.004 -19"><span class='ocrx_word' id='word_1_100' title='bbox 104 1378 189 1455; x_wconf 85' lang='lat' dir='ltr'>bigua</span> <span class='ocrx_word' id='word_1_101' title='bbox 215 1378 267 1436; x_wconf 87' lang='lat' dir='ltr'>sed</span> <span class='ocrx_word' id='word_1_102' title='bbox 291 1377 409 1454; x_wconf 83' lang='lat' dir='ltr'>cognitu</span> <span class='ocrx_word' id='word_1_103' title='bbox 433 1395 492 1434; x_wconf 90' lang='lat' dir='ltr'>non</span> <span class='ocrx_word' id='word_1_104' title='bbox 515 1374 653 1444; x_wconf 78' lang='lat' dir='ltr'>anstuda,</span> <span class='ocrx_word' id='word_1_105' title='bbox 680 1393 819 1452; x_wconf 86' lang='lat' dir='ltr'>promere</span> <span class='ocrx_word' id='word_1_106' title='bbox 844 1377 923 1437; x_wconf 86' lang='lat' dir='ltr'>libet.</span> <span class='ocrx_word' id='word_1_107' title='bbox 968 1379 1090 1438; x_wconf 87' lang='lat' dir='ltr'>Sacrum</span> <span class='ocrx_word' id='word_1_108' title='bbox 1114 1381 1170 1441; x_wconf 84' lang='lat' dir='ltr'>soli</span> 
     </span>
     <span class='ocr_line' id='line_1_15' title="bbox 104 1459 1169 1536; baseline 0.004 -15"><span class='ocrx_word' id='word_1_109' title='bbox 104 1463 132 1523; x_wconf 90' lang='lat' dir='ltr'>id</span> <span class='ocrx_word' id='word_1_110' title='bbox 156 1462 262 1522; x_wconf 83' lang='lat' dir='ltr'>animai</span> <span class='ocrx_word' id='word_1_111' title='bbox 291 1470 320 1521; x_wconf 94' lang='lat' dir='ltr'>et</span> <span class='ocrx_word' id='word_1_112' title='bbox 349 1479 400 1520; x_wconf 92' lang='lat' dir='ltr'>ore</span> <span class='ocrx_word' id='word_1_113' title='bbox 430 1480 463 1519; x_wconf 85' lang='lat' dir='ltr'>ao</span> <span class='ocrx_word' id='word_1_114' title='bbox 485 1459 625 1520; x_wconf 85' lang='lat' dir='ltr'>distinctu</span> <span class='ocrx_word' id='word_1_115' title='bbox 649 1460 803 1536; x_wconf 85' lang='lat' dir='ltr'>pinnarum</span> <span class='ocrx_word' id='word_1_116' title='bbox 829 1480 843 1519; x_wconf 92' lang='lat' dir='ltr'>a</span> <span class='ocrx_word' id='word_1_117' title='bbox 867 1462 973 1521; x_wconf 83' lang='lat' dir='ltr'>noteris</span> <span class='ocrx_word' id='word_1_118' title='bbox 996 1465 1099 1523; x_wconf 85' lang='lat' dir='ltr'>avibus</span> <span class='ocrx_word' id='word_1_119' title='bbox 1123 1467 1169 1526; x_wconf 91' lang='lat' dir='ltr'>di·</span> 
     </span>
     <span class='ocr_line' id='line_1_16' title="bbox 103 1545 1169 1623; baseline 0.004 -17"><span class='ocrx_word' id='word_1_120' title='bbox 103 1566 221 1606; x_wconf 75' lang='lat' dir='ltr'>versun]</span> <span class='ocrx_word' id='word_1_121' title='bbox 243 1548 435 1606; x_wconf 60' lang='lat' dir='ltr'>‘consentiunt</span> <span class='ocrx_word' id='word_1_122' title='bbox 458 1546 505 1623; x_wconf 85' lang='lat' dir='ltr'>qui</span> <span class='ocrx_word' id='word_1_123' title='bbox 529 1546 652 1604; x_wconf 84' lang='lat' dir='ltr'>sorrnani</span> <span class='ocrx_word' id='word_1_124' title='bbox 685 1547 748 1604; x_wconf 85' lang='lat' dir='ltr'>eius</span> <span class='ocrx_word' id='word_1_125' title='bbox 781 1545 929 1606; x_wconf 78' lang='lat' dir='ltr'>definiere.</span> <span class='ocrx_word' id='word_1_126' title='bbox 982 1547 1023 1607; x_wconf 80' lang='lat' dir='ltr'>[ie</span> <span class='ocrx_word' id='word_1_127' title='bbox 1046 1568 1169 1610; x_wconf 86' lang='lat' dir='ltr'>nurnero</span> 
     </span>
     <span class='ocr_line' id='line_1_17' title="bbox 68 1629 1168 1711; baseline 0.005 -21"><span class='ocrx_word' id='word_1_128' title='bbox 68 1644 250 1691; x_wconf 75' lang='lat' dir='ltr'>toannorurn</span> <span class='ocrx_word' id='word_1_129' title='bbox 283 1630 360 1690; x_wconf 89' lang='lat' dir='ltr'>varia</span> <span class='ocrx_word' id='word_1_130' title='bbox 391 1631 556 1690; x_wconf 88' lang='lat' dir='ltr'>traduntur.</span> <span class='ocrx_word' id='word_1_131' title='bbox 609 1629 732 1688; x_wconf 84' lang='lat' dir='ltr'>Maxime</span> <span class='ocrx_word' id='word_1_132' title='bbox 765 1631 911 1707; x_wconf 82' lang='lat' dir='ltr'>vulgatum</span> <span class='ocrx_word' id='word_1_133' title='bbox 940 1634 1168 1711; x_wconf 84' lang='lat' dir='ltr'>quingentorum</span> 
     </span>
    </p>
   </div>
   <div class='ocr_carea' id='block_1_6' title="bbox 16 1828 613 3912">
    <p class='ocr_par' dir='ltr' id='par_1_6' title="bbox 98 1828 613 2427">
     <span class='ocr_line' id='line_1_18' title="bbox 140 1828 613 1887; baseline -0.004 -7"><span class='ocrx_word' id='word_1_134' title='bbox 140 1834 159 1880; x_wconf 87' lang='lat' dir='ltr'>i.</span> <span class='ocrx_word' id='word_1_135' title='bbox 179 1831 347 1879; x_wconf 67' lang='lat' dir='ltr'>deruentium.</span> <span class='ocrx_word' id='word_1_136' title='bbox 377 1829 402 1878; x_wconf 89' lang='lat' dir='ltr'>S.</span> <span class='ocrx_word' id='word_1_137' title='bbox 424 1846 454 1878; x_wconf 90' lang='lat' dir='ltr'>zu</span> <span class='ocrx_word' id='word_1_138' title='bbox 473 1828 492 1887; x_wconf 78' lang='lat' dir='ltr'>L</span> <span class='ocrx_word' id='word_1_139' title='bbox 506 1832 544 1881; x_wconf 89' lang='grc'>13.</span> <span class='ocrx_word' id='word_1_140' title='bbox 577 1829 613 1879; x_wconf 81' lang='lat' dir='ltr'>Er</span> 
     </span>
     <span class='ocr_line' id='line_1_19' title="bbox 102 1898 611 1961; baseline -0.002 -14"><span class='ocrx_word' id='word_1_141' title='bbox 102 1899 251 1947; x_wconf 80' lang='lat' dir='ltr'>verwattete</span> <span class='ocrx_word' id='word_1_142' title='bbox 264 1898 395 1961; x_wconf 80' lang='lat' dir='ltr'>Hispania</span> <span class='ocrx_word' id='word_1_143' title='bbox 413 1900 521 1947; x_wconf 74' lang='lat' dir='ltr'>citerior</span> <span class='ocrx_word' id='word_1_144' title='bbox 537 1899 611 1957; x_wconf 86' lang='lat' dir='ltr'>(deno</span> 
     </span>
     <span class='ocr_line' id='line_1_20' title="bbox 102 1965 608 2031; baseline 0.002 -15"><span class='ocrx_word' id='word_1_145' title='bbox 102 1968 142 2016; x_wconf 91' lang='lat' dir='ltr'>die</span> <span class='ocrx_word' id='word_1_146' title='bbox 171 1966 285 2015; x_wconf 76' lang='lat' dir='ltr'>ulterior</span> <span class='ocrx_word' id='word_1_147' title='bbox 321 1980 376 2013; x_wconf 88' lang='lat' dir='ltr'>war</span> <span class='ocrx_word' id='word_1_148' title='bbox 405 1965 608 2031; x_wconf 85' lang='lat' dir='ltr'>Senatsprorinz.</span> 
     </span>
     <span class='ocr_line' id='line_1_21' title="bbox 100 2031 610 2098; baseline -0.002 -13"><span class='ocrx_word' id='word_1_149' title='bbox 100 2036 143 2085; x_wconf 86' lang='lat' dir='ltr'>tv.</span> <span class='ocrx_word' id='word_1_150' title='bbox 160 2038 199 2089; x_wconf 84' lang='lat' dir='ltr'>13t</span> <span class='ocrx_word' id='word_1_151' title='bbox 218 2035 267 2084; x_wconf 91' lang='lat' dir='ltr'>seit</span> <span class='ocrx_word' id='word_1_152' title='bbox 286 2035 341 2082; x_wconf 86' lang='lat' dir='ltr'>dein</span> <span class='ocrx_word' id='word_1_153' title='bbox 356 2031 425 2082; x_wconf 81' lang='lat' dir='ltr'>Tode</span> <span class='ocrx_word' id='word_1_154' title='bbox 444 2035 487 2083; x_wconf 89' lang='lat' dir='ltr'>des</span> <span class='ocrx_word' id='word_1_155' title='bbox 501 2034 530 2083; x_wconf 78' lang='lat' dir='ltr'>t.</span> <span class='ocrx_word' id='word_1_156' title='bbox 541 2035 610 2098; x_wconf 83' lang='lat' dir='ltr'>Piso,</span> 
     </span>
     <span class='ocr_line' id='line_1_22' title="bbox 100 2101 609 2163; baseline -0.008 -7"><span class='ocrx_word' id='word_1_157' title='bbox 100 2108 131 2156; x_wconf 78' lang='lat'>25</span> <span class='ocrx_word' id='word_1_158' title='bbox 143 2121 166 2152; x_wconf 81' lang='lat' dir='ltr'>u.</span> <span class='ocrx_word' id='word_1_159' title='bbox 177 2105 221 2154; x_wconf 88' lang='lat' dir='ltr'>Cb.</span> <span class='ocrx_word' id='word_1_160' title='bbox 236 2102 289 2163; x_wconf 81' lang='lat' dir='ltr'>pv.</span> <span class='ocrx_word' id='word_1_161' title='bbox 299 2105 346 2153; x_wconf 78' lang='lat'>45:</span> <span class='ocrx_word' id='word_1_162' title='bbox 364 2101 493 2151; x_wconf 80' lang='lat' dir='ltr'>decimam</span> <span class='ocrx_word' id='word_1_163' title='bbox 510 2103 543 2152; x_wconf 85' lang='lat' dir='ltr'>ist</span> <span class='ocrx_word' id='word_1_164' title='bbox 556 2104 609 2152; x_wconf 82' lang='lat' dir='ltr'>also</span> 
     </span>
     <span class='ocr_line' id='line_1_23' title="bbox 98 2166 609 2234; baseline -0.002 -13"><span class='ocrx_word' id='word_1_165' title='bbox 98 2173 178 2222; x_wconf 89' lang='lat' dir='ltr'>rande</span> <span class='ocrx_word' id='word_1_166' title='bbox 205 2171 290 2226; x_wconf 82' lang='lat' dir='ltr'>Zann,</span> <span class='ocrx_word' id='word_1_167' title='bbox 321 2166 413 2218; x_wconf 81' lang='lat' dir='ltr'>ebeoso</span> <span class='ocrx_word' id='word_1_168' title='bbox 438 2171 487 2218; x_wconf 89' lang='lat' dir='ltr'>wie</span> <span class='ocrx_word' id='word_1_169' title='bbox 505 2169 609 2234; x_wconf 77' lang='lat' dir='ltr'>Lanita,</span> 
     </span>
     <span class='ocr_line' id='line_1_24' title="bbox 98 2237 608 2298; baseline -0.008 -8"><span class='ocrx_word' id='word_1_170' title='bbox 98 2257 146 2290; x_wconf 84' lang='lat' dir='ltr'>von</span> <span class='ocrx_word' id='word_1_171' title='bbox 165 2241 224 2290; x_wconf 85' lang='lat' dir='ltr'>Rern</span> <span class='ocrx_word' id='word_1_172' title='bbox 244 2255 289 2289; x_wconf 90' lang='lat' dir='ltr'>ans</span> <span class='ocrx_word' id='word_1_173' title='bbox 309 2238 386 2287; x_wconf 87' lang='lat' dir='ltr'>durob</span> <span class='ocrx_word' id='word_1_174' title='bbox 405 2237 608 2298; x_wconf 75' lang='lat' dir='ltr'>seiueLegaten.</span> 
     </span>
     <span class='ocr_line' id='line_1_25' title="bbox 99 2306 609 2358; baseline -0.002 -1"><span class='ocrx_word' id='word_1_175' title='bbox 99 2309 130 2357; x_wconf 85' lang='lat' dir='ltr'>tl.</span> <span class='ocrx_word' id='word_1_176' title='bbox 152 2308 179 2356; x_wconf 93' lang='grc' dir='ltr'>ΙΙ.</span> <span class='ocrx_word' id='word_1_177' title='bbox 195 2311 235 2358; x_wconf 80' lang='grc'>65.</span> <span class='ocrx_word' id='word_1_178' title='bbox 279 2306 332 2355; x_wconf 87' lang='lat' dir='ltr'>Von</span> <span class='ocrx_word' id='word_1_179' title='bbox 366 2307 413 2355; x_wconf 83' lang='lat' dir='ltr'>ihni</span> <span class='ocrx_word' id='word_1_180' title='bbox 442 2308 489 2355; x_wconf 88' lang='lat' dir='ltr'>und</span> <span class='ocrx_word' id='word_1_181' title='bbox 514 2306 609 2356; x_wconf 81' lang='lat' dir='ltr'>Lamia</span> 
     </span>
     <span class='ocr_line' id='line_1_26' title="bbox 98 2373 609 2427; baseline 0 -3"><span class='ocrx_word' id='word_1_182' title='bbox 98 2376 168 2425; x_wconf 88' lang='lat' dir='ltr'>Suet.</span> <span class='ocrx_word' id='word_1_183' title='bbox 190 2376 246 2424; x_wconf 87' lang='lat' dir='ltr'>Tib.</span> <span class='ocrx_word' id='word_1_184' title='bbox 263 2377 311 2427; x_wconf 81' lang='lat'>63:</span> <span class='ocrx_word' id='word_1_185' title='bbox 342 2373 427 2425; x_wconf 82' lang='lat' dir='ltr'>Unam</span> <span class='ocrx_word' id='word_1_186' title='bbox 451 2380 477 2422; x_wconf 87' lang='lat' dir='ltr'>et</span> <span class='ocrx_word' id='word_1_187' title='bbox 494 2376 609 2424; x_wconf 82' lang='lat' dir='ltr'>atterum</span> 
     </span>
    </p>

    <p class='ocr_par' dir='ltr' id='par_1_7' title="bbox 76 2434 609 2847">
     <span class='ocr_line' id='line_1_27' title="bbox 76 2434 609 2506; baseline 0 -14"><span class='ocrx_word' id='word_1_188' title='bbox 76 2500 79 2504; x_wconf 44' lang='grc'><strong>,</strong></span> <span class='ocrx_word' id='word_1_189' title='bbox 100 2445 253 2493; x_wconf 72' lang='lat' dir='ltr'>consociares</span> <span class='ocrx_word' id='word_1_190' title='bbox 276 2434 536 2506; x_wconf 76' lang='lat' dir='ltr'>obtatir&#39;provinciio</span> <span class='ocrx_word' id='word_1_191' title='bbox 554 2458 609 2492; x_wconf 91' lang='lat' dir='ltr'>non</span> 
     </span>
     <span class='ocr_line' id='line_1_28' title="bbox 100 2510 609 2574; baseline 0.002 -15"><span class='ocrx_word' id='word_1_192' title='bbox 100 2526 180 2559; x_wconf 77' lang='lat' dir='ltr'>ansas</span> <span class='ocrx_word' id='word_1_193' title='bbox 198 2527 214 2559; x_wconf 91' lang='lat' dir='ltr'>a</span> <span class='ocrx_word' id='word_1_194' title='bbox 231 2512 261 2558; x_wconf 81' lang='lat' dir='ltr'>se‘</span> <span class='ocrx_word' id='word_1_195' title='bbox 277 2510 409 2559; x_wconf 78' lang='lat' dir='ltr'>dimittere</span> <span class='ocrx_word' id='word_1_196' title='bbox 426 2525 508 2574; x_wconf 77' lang='lat' dir='ltr'>iisqne</span> <span class='ocrx_word' id='word_1_197' title='bbox 525 2527 554 2560; x_wconf 89' lang='lat' dir='ltr'>eo</span> <span class='ocrx_word' id='word_1_198' title='bbox 567 2511 609 2560; x_wconf 87' lang='lat' dir='ltr'>de-</span> 
     </span>
     <span class='ocr_line' id='line_1_29' title="bbox 101 2577 609 2643; baseline 0.004 -18"><span class='ocrx_word' id='word_1_199' title='bbox 101 2581 189 2639; x_wconf 82' lang='lat' dir='ltr'>tinuit,</span> <span class='ocrx_word' id='word_1_200' title='bbox 208 2577 291 2626; x_wconf 85' lang='lat' dir='ltr'>donee</span> <span class='ocrx_word' id='word_1_201' title='bbox 303 2592 465 2627; x_wconf 74' lang='lat' dir='ltr'>successores</span> <span class='ocrx_word' id='word_1_202' title='bbox 479 2583 542 2643; x_wconf 82' lang='lat' dir='ltr'>port</span> <span class='ocrx_word' id='word_1_203' title='bbox 560 2578 609 2628; x_wconf 88' lang='lat' dir='ltr'>ali-</span> 
     </span>
     <span class='ocr_line' id='line_1_30' title="bbox 101 2646 608 2710; baseline 0.006 -18"><span class='ocrx_word' id='word_1_204' title='bbox 101 2650 166 2708; x_wconf 81' lang='lat' dir='ltr'>quot</span> <span class='ocrx_word' id='word_1_205' title='bbox 194 2660 278 2695; x_wconf 79' lang='lat' dir='ltr'>annos</span> <span class='ocrx_word' id='word_1_206' title='bbox 306 2647 493 2710; x_wconf 74' lang='lat' dir='ltr'>praesentibus</span> <span class='ocrx_word' id='word_1_207' title='bbox 525 2646 608 2710; x_wconf 86' lang='lat' dir='ltr'>daret,</span> 
     </span>
     <span class='ocr_line' id='line_1_31' title="bbox 102 2714 607 2775; baseline 0.004 -15"><span class='ocrx_word' id='word_1_208' title='bbox 102 2727 160 2761; x_wconf 83' lang='lat' dir='ltr'>eam</span> <span class='ocrx_word' id='word_1_209' title='bbox 178 2715 284 2762; x_wconf 82' lang='lat' dir='ltr'>interim</span> <span class='ocrx_word' id='word_1_210' title='bbox 295 2719 418 2763; x_wconf 77' lang='lat' dir='ltr'>nonnemo</span> <span class='ocrx_word' id='word_1_211' title='bbox 428 2714 515 2775; x_wconf 74' lang='lat' dir='ltr'>officii</span> <span class='ocrx_word' id='word_1_212' title='bbox 530 2715 607 2764; x_wconf 83' lang='lat' dir='ltr'>titulo</span> 
     </span>
     <span class='ocr_line' id='line_1_32' title="bbox 100 2780 607 2847; baseline 0.006 -19"><span class='ocrx_word' id='word_1_213' title='bbox 100 2783 179 2829; x_wconf 83' lang='lat' dir='ltr'>etiarn</span> <span class='ocrx_word' id='word_1_214' title='bbox 198 2781 332 2847; x_wconf 77' lang='lat' dir='ltr'>delegaret</span> <span class='ocrx_word' id='word_1_215' title='bbox 346 2782 467 2847; x_wconf 79' lang='lat' dir='ltr'>plurima</span> <span class='ocrx_word' id='word_1_216' title='bbox 494 2780 607 2845; x_wconf 80' lang='lat' dir='ltr'>arridae,</span> 
     </span>
    </p>

    <p class='ocr_par' dir='ltr' id='par_1_8' title="bbox 16 2848 607 2982">
     <span class='ocr_line' id='line_1_33' title="bbox 16 2848 607 2915; baseline 0.002 -18"><span class='ocrx_word' id='word_1_217' title='bbox 16 2868 20 2873; x_wconf 94' lang='lat'>·</span> <span class='ocrx_word' id='word_1_218' title='bbox 98 2864 166 2913; x_wconf 84' lang='lat' dir='ltr'>qnae</span> <span class='ocrx_word' id='word_1_219' title='bbox 183 2850 226 2899; x_wconf 85' lang='lat' dir='ltr'>ilii</span> <span class='ocrx_word' id='word_1_220' title='bbox 238 2866 290 2915; x_wconf 86' lang='lat' dir='ltr'>per</span> <span class='ocrx_word' id='word_1_221' title='bbox 308 2851 410 2913; x_wconf 78' lang='lat' dir='ltr'>legator</span> <span class='ocrx_word' id='word_1_222' title='bbox 428 2855 454 2897; x_wconf 84' lang='lat' dir='ltr'>et</span> <span class='ocrx_word' id='word_1_223' title='bbox 472 2848 607 2898; x_wconf 74' lang='lat' dir='ltr'>adiutores</span> 
     </span>
     <span class='ocr_line' id='line_1_34' title="bbox 97 2916 605 2982; baseline 0 -16"><span class='ocrx_word' id='word_1_224' title='bbox 97 2933 158 2966; x_wconf 78' lang='lat' dir='ltr'>snos</span> <span class='ocrx_word' id='word_1_225' title='bbox 191 2918 345 2982; x_wconf 68' lang='lat' dir='ltr'>exequenda</span> <span class='ocrx_word' id='word_1_226' title='bbox 373 2922 506 2966; x_wconf 75' lang='lat' dir='ltr'>eut-arent.</span> <span class='ocrx_word' id='word_1_227' title='bbox 548 2916 605 2978; x_wconf 74' lang='lat' dir='ltr'>Vgt.</span> 
     </span>
    </p>

    <p class='ocr_par' dir='ltr' id='par_1_9' title="bbox 131 3052 588 3117">
     <span class='ocr_line' id='line_1_35' title="bbox 131 3052 588 3117; baseline 0 -13"><span class='ocrx_word' id='word_1_228' title='bbox 131 3056 153 3104; x_wconf 83' lang='lat'>3.</span> <span class='ocrx_word' id='word_1_229' title='bbox 173 3053 216 3103; x_wconf 83' lang='grc' dir='ltr'>Μ’.</span> <span class='ocrx_word' id='word_1_230' title='bbox 235 3052 360 3117; x_wconf 80' lang='lat' dir='ltr'>Lepidae.</span> <span class='ocrx_word' id='word_1_231' title='bbox 393 3052 418 3101; x_wconf 92' lang='lat' dir='ltr'>S.</span> <span class='ocrx_word' id='word_1_232' title='bbox 440 3068 469 3102; x_wconf 87' lang='lat' dir='ltr'>zu</span> <span class='ocrx_word' id='word_1_233' title='bbox 490 3052 531 3102; x_wconf 80' lang='lat' dir='ltr'>lli.</span> <span class='ocrx_word' id='word_1_234' title='bbox 547 3055 588 3104; x_wconf 84' lang='lat'>32.</span> 
     </span>
    </p>

    <p class='ocr_par' dir='ltr' id='par_1_10' title="bbox 57 3120 610 3713">
     <span class='ocr_line' id='line_1_36' title="bbox 57 3120 608 3186; baseline 0.004 -16"><span class='ocrx_word' id='word_1_235' title='bbox 57 3138 59 3145; x_wconf 68' lang='grc'>’</span> <span class='ocrx_word' id='word_1_236' title='bbox 130 3125 153 3171; x_wconf 88' lang='grc'>4.</span> <span class='ocrx_word' id='word_1_237' title='bbox 173 3122 326 3183; x_wconf 87' lang='lat' dir='ltr'>eonioeaai,</span> <span class='ocrx_word' id='word_1_238' title='bbox 353 3120 466 3178; x_wconf 83' lang='lat' dir='ltr'>absolut,</span> <span class='ocrx_word' id='word_1_239' title='bbox 493 3122 543 3170; x_wconf 88' lang='lat' dir='ltr'>wie</span> <span class='ocrx_word' id='word_1_240' title='bbox 561 3138 608 3186; x_wconf 82' lang='lat' dir='ltr'>po·</span> 
     </span>
     <span class='ocr_line' id='line_1_37' title="bbox 96 3188 609 3252; baseline 0.006 -16"><span class='ocrx_word' id='word_1_241' title='bbox 96 3203 159 3237; x_wconf 85' lang='lat' dir='ltr'>nere</span> <span class='ocrx_word' id='word_1_242' title='bbox 177 3190 201 3238; x_wconf 92' lang='lat' dir='ltr'>b.</span> <span class='ocrx_word' id='word_1_243' title='bbox 217 3189 269 3239; x_wconf 84' lang='lat' dir='ltr'>Cio.</span> <span class='ocrx_word' id='word_1_244' title='bbox 285 3188 489 3245; x_wconf 68' lang='lat' dir='ltr'>adiuratum</span> <span class='ocrx_word' id='word_1_245' title='bbox 513 3189 609 3252; x_wconf 76' lang='lat' dir='ltr'>Onam-</span> 
     </span>
     <span class='ocr_line' id='line_1_38' title="bbox 97 3256 610 3322; baseline 0.008 -19"><span class='ocrx_word' id='word_1_246' title='bbox 97 3258 199 3320; x_wconf 72' lang='lat' dir='ltr'>odrnm,</span> <span class='ocrx_word' id='word_1_247' title='bbox 227 3263 259 3306; x_wconf 84' lang='lat' dir='ltr'>nt</span> <span class='ocrx_word' id='word_1_248' title='bbox 272 3256 357 3322; x_wconf 84' lang='lat' dir='ltr'>panio</span> <span class='ocrx_word' id='word_1_249' title='bbox 382 3261 443 3306; x_wconf 87' lang='lat' dir='ltr'>ante</span> <span class='ocrx_word' id='word_1_250' title='bbox 464 3260 557 3322; x_wconf 80' lang='lat' dir='ltr'>poeni,</span> <span class='ocrx_word' id='word_1_251' title='bbox 585 3260 610 3307; x_wconf 77' lang='lat' dir='ltr'>si</span> 
     </span>
     <span class='ocr_line' id='line_1_39' title="bbox 96 3325 608 3388; baseline 0.012 -18"><span class='ocrx_word' id='word_1_252' title='bbox 96 3330 181 3374; x_wconf 81' lang='lat' dir='ltr'>errent</span> <span class='ocrx_word' id='word_1_253' title='bbox 199 3327 289 3374; x_wconf 82' lang='lat' dir='ltr'>omnia</span> <span class='ocrx_word' id='word_1_254' title='bbox 303 3325 371 3373; x_wconf 83' lang='lat' dir='ltr'>mibi</span> <span class='ocrx_word' id='word_1_255' title='bbox 380 3326 550 3388; x_wconf 76' lang='lat' dir='ltr'>solertissima,</span> <span class='ocrx_word' id='word_1_256' title='bbox 568 3331 608 3376; x_wconf 87' lang='lat' dir='ltr'>ta-</span> 
     </span>
     <span class='ocr_line' id='line_1_40' title="bbox 95 3393 608 3457; baseline 0.006 -18"><span class='ocrx_word' id='word_1_257' title='bbox 95 3405 154 3440; x_wconf 85' lang='lat' dir='ltr'>rnen</span> <span class='ocrx_word' id='word_1_258' title='bbox 172 3394 200 3440; x_wconf 88' lang='lat' dir='ltr'>in</span> <span class='ocrx_word' id='word_1_259' title='bbox 219 3393 375 3457; x_wconf 81' lang='lat' dir='ltr'>republica</span> <span class='ocrx_word' id='word_1_260' title='bbox 401 3409 455 3442; x_wconf 86' lang='lat' dir='ltr'>non</span> <span class='ocrx_word' id='word_1_261' title='bbox 482 3393 552 3442; x_wconf 72' lang='lat' dir='ltr'>aiens</span> <span class='ocrx_word' id='word_1_262' title='bbox 570 3409 608 3443; x_wconf 77' lang='lat' dir='ltr'>eo-</span> 
     </span>
     <span class='ocr_line' id='line_1_41' title="bbox 96 3460 607 3520; baseline 0.01 -16"><span class='ocrx_word' id='word_1_263' title='bbox 96 3472 165 3520; x_wconf 78' lang='lat' dir='ltr'>oem;</span> <span class='ocrx_word' id='word_1_264' title='bbox 193 3460 223 3508; x_wconf 86' lang='lat' dir='ltr'>de</span> <span class='ocrx_word' id='word_1_265' title='bbox 243 3469 292 3509; x_wconf 89' lang='lat' dir='ltr'>nat.</span> <span class='ocrx_word' id='word_1_266' title='bbox 316 3461 384 3509; x_wconf 88' lang='lat' dir='ltr'>deor.</span> <span class='ocrx_word' id='word_1_267' title='bbox 406 3461 423 3510; x_wconf 86' lang='lat' dir='ltr'>i.</span> <span class='ocrx_word' id='word_1_268' title='bbox 441 3463 479 3516; x_wconf 80' lang='lat'>23.</span> <span class='ocrx_word' id='word_1_269' title='bbox 497 3463 528 3512; x_wconf 85' lang='grc'>63</span> <span class='ocrx_word' id='word_1_270' title='bbox 548 3476 607 3510; x_wconf 76' lang='lat' dir='ltr'>erim</span> 
     </span>
     <span class='ocr_line' id='line_1_42' title="bbox 97 3526 607 3592; baseline 0.008 -19"><span class='ocrx_word' id='word_1_271' title='bbox 97 3526 126 3570; x_wconf 82' lang='lat' dir='ltr'>in</span> <span class='ocrx_word' id='word_1_272' title='bbox 141 3528 278 3590; x_wconf 77' lang='lat' dir='ltr'>principio</span> <span class='ocrx_word' id='word_1_273' title='bbox 298 3527 362 3578; x_wconf 83' lang='lat' dir='ltr'>iibri</span> <span class='ocrx_word' id='word_1_274' title='bbox 383 3532 427 3578; x_wconf 82' lang='lat' dir='ltr'>sai</span> <span class='ocrx_word' id='word_1_275' title='bbox 449 3532 488 3591; x_wconf 77' lang='lat' dir='ltr'>sie</span> <span class='ocrx_word' id='word_1_276' title='bbox 502 3531 607 3592; x_wconf 76' lang='lat' dir='ltr'>pornio-</span> 
     </span>
     <span class='ocr_line' id='line_1_43' title="bbox 96 3592 606 3660; baseline 0.018 -23"><span class='ocrx_word' id='word_1_277' title='bbox 96 3595 149 3639; x_wconf 80' lang='lat' dir='ltr'>set:</span> <span class='ocrx_word' id='word_1_278' title='bbox 167 3592 208 3641; x_wconf 86' lang='lat' dir='ltr'>De</span> <span class='ocrx_word' id='word_1_279' title='bbox 225 3593 293 3643; x_wconf 75' lang='lat' dir='ltr'>divis</span> <span class='ocrx_word' id='word_1_280' title='bbox 311 3611 394 3660; x_wconf 85' lang='lat' dir='ltr'>neque</span> <span class='ocrx_word' id='word_1_281' title='bbox 411 3602 441 3646; x_wconf 87' lang='lat' dir='ltr'>ni</span> <span class='ocrx_word' id='word_1_282' title='bbox 457 3599 512 3645; x_wconf 80' lang='lat' dir='ltr'>rint</span> <span class='ocrx_word' id='word_1_283' title='bbox 523 3612 606 3660; x_wconf 82' lang='lat' dir='ltr'>neque</span> 
     </span>
     <span class='ocr_line' id='line_1_44' title="bbox 97 3662 481 3713; baseline 0.023 -8"><span class='ocrx_word' id='word_1_284' title='bbox 97 3663 197 3707; x_wconf 85' lang='lat' dir='ltr'>utnon</span> <span class='ocrx_word' id='word_1_285' title='bbox 215 3662 271 3709; x_wconf 81' lang='lat' dir='ltr'>rint</span> <span class='ocrx_word' id='word_1_286' title='bbox 288 3663 368 3713; x_wconf 81' lang='lat' dir='ltr'>babeo</span> <span class='ocrx_word' id='word_1_287' title='bbox 388 3664 481 3713; x_wconf 78' lang='lat' dir='ltr'>dinero.</span> 
     </span>
    </p>

    <p class='ocr_par' dir='ltr' id='par_1_11' title="bbox 131 3729 607 3791">
     <span class='ocr_line' id='line_1_45' title="bbox 131 3729 607 3791; baseline 0.013 -17"><span class='ocrx_word' id='word_1_288' title='bbox 131 3729 153 3775; x_wconf 82' lang='lat' dir='ltr'>t.</span> <span class='ocrx_word' id='word_1_289' title='bbox 173 3741 250 3791; x_wconf 77' lang='lat' dir='ltr'>egere</span> <span class='ocrx_word' id='word_1_290' title='bbox 276 3730 341 3779; x_wconf 90' lang='lat' dir='ltr'>wird</span> <span class='ocrx_word' id='word_1_291' title='bbox 368 3735 429 3782; x_wconf 86' lang='lat' dir='ltr'>anob</span> <span class='ocrx_word' id='word_1_292' title='bbox 459 3748 513 3781; x_wconf 88' lang='lat' dir='ltr'>znnr</span> <span class='ocrx_word' id='word_1_293' title='bbox 532 3731 607 3781; x_wconf 87' lang='lat' dir='ltr'>Reie-</span> 
     </span>
    </p>

    <p class='ocr_par' dir='ltr' id='par_1_12' title="bbox 93 3794 605 3912">
     <span class='ocr_line' id='line_1_46' title="bbox 95 3794 605 3855; baseline 0.012 -13"><span class='ocrx_word' id='word_1_294' title='bbox 95 3794 189 3843; x_wconf 89' lang='lat' dir='ltr'>tivsatz</span> <span class='ocrx_word' id='word_1_295' title='bbox 214 3795 332 3855; x_wconf 78' lang='lat' dir='ltr'>gedeoni,</span> <span class='ocrx_word' id='word_1_296' title='bbox 360 3802 411 3849; x_wconf 77' lang='lat' dir='ltr'>&#39;wie</span> <span class='ocrx_word' id='word_1_297' title='bbox 430 3799 459 3849; x_wconf 91' lang='grc' dir='ltr'>ΙΙ.</span> <span class='ocrx_word' id='word_1_298' title='bbox 477 3803 508 3851; x_wconf 87' lang='grc'>33</span> <span class='ocrx_word' id='word_1_299' title='bbox 536 3803 605 3849; x_wconf 87' lang='lat' dir='ltr'>anti-</span> 
     </span>
     <span class='ocr_line' id='line_1_47' title="bbox 93 3868 169 3912; baseline 0.013 -1"><span class='ocrx_word' id='word_1_300' title='bbox 93 3868 169 3912; x_wconf 80' lang='lat' dir='ltr'>stent.</span> 
     </span>
    </p>
   </div>
   <div class='ocr_carea' id='block_1_7' title="bbox 126 3927 602 4000">
    <p class='ocr_par' dir='ltr' id='par_1_13' title="bbox 126 3927 602 4000">
     <span class='ocr_line' id='line_1_48' title="bbox 126 3927 602 4000; baseline 0.004 -18"><span class='ocrx_word' id='word_1_301' title='bbox 126 3927 175 3989; x_wconf 70' lang='grc'>28,</span> <span class='ocrx_word' id='word_1_302' title='bbox 208 3932 232 3982; x_wconf 86' lang='grc'>8.</span> <span class='ocrx_word' id='word_1_303' title='bbox 255 3929 346 3982; x_wconf 85' lang='lat' dir='ltr'>insohr.</span> <span class='ocrx_word' id='word_1_304' title='bbox 366 3934 390 3984; x_wconf 88' lang='lat' dir='ltr'>b.</span> <span class='ocrx_word' id='word_1_305' title='bbox 411 3935 476 3986; x_wconf 86' lang='lat' dir='ltr'>Mar.</span> <span class='ocrx_word' id='word_1_306' title='bbox 497 3936 557 3985; x_wconf 81' lang='lat' dir='ltr'>Arv.</span> <span class='ocrx_word' id='word_1_307' title='bbox 578 3950 602 4000; x_wconf 87' lang='lat' dir='ltr'>p.</span> 
     </span>
    </p>
   </div>
   <div class='ocr_carea' id='block_1_8' title="bbox 660 1830 1173 2234">
    <p class='ocr_par' dir='ltr' id='par_1_14' title="bbox 660 1830 1173 2234">
     <span class='ocr_line' id='line_1_49' title="bbox 664 1830 1173 1899; baseline 0.016 -21"><span class='ocrx_word' id='word_1_308' title='bbox 664 1831 710 1879; x_wconf 75' lang='lat'>45:</span> <span class='ocrx_word' id='word_1_309' title='bbox 731 1830 825 1879; x_wconf 77' lang='lat' dir='ltr'>Paullo</span> <span class='ocrx_word' id='word_1_310' title='bbox 833 1831 926 1881; x_wconf 80' lang='lat' dir='ltr'>‘Fabio</span> <span class='ocrx_word' id='word_1_311' title='bbox 948 1833 1063 1899; x_wconf 63' lang='lat' dir='ltr'>Perdice</span> <span class='ocrx_word' id='word_1_312' title='bbox 1083 1835 1112 1884; x_wconf 91' lang='lat' dir='ltr'>L.</span> <span class='ocrx_word' id='word_1_313' title='bbox 1129 1835 1173 1885; x_wconf 94' lang='lat' dir='ltr'>Vi-</span> 
     </span>
     <span class='ocr_line' id='line_1_50' title="bbox 663 1897 1172 1962; baseline 0.018 -17"><span class='ocrx_word' id='word_1_314' title='bbox 663 1897 731 1946; x_wconf 89' lang='lat' dir='ltr'>teltio</span> <span class='ocrx_word' id='word_1_315' title='bbox 750 1899 826 1962; x_wconf 86' lang='lat' dir='ltr'>eos.].</span> <span class='ocrx_word' id='word_1_316' title='bbox 854 1899 905 1948; x_wconf 82' lang='lat' dir='ltr'>Der</span> <span class='ocrx_word' id='word_1_317' title='bbox 922 1910 1019 1952; x_wconf 87' lang='lat' dir='ltr'>erstere</span> <span class='ocrx_word' id='word_1_318' title='bbox 1038 1919 1093 1952; x_wconf 89' lang='lat' dir='ltr'>war</span> <span class='ocrx_word' id='word_1_319' title='bbox 1106 1904 1172 1954; x_wconf 88' lang='lat' dir='ltr'>Sobn</span> 
     </span>
     <span class='ocr_line' id='line_1_51' title="bbox 663 1966 1168 2036; baseline 0.018 -23"><span class='ocrx_word' id='word_1_320' title='bbox 663 1966 707 2014; x_wconf 90' lang='lat' dir='ltr'>des</span> <span class='ocrx_word' id='word_1_321' title='bbox 717 1966 817 2015; x_wconf 77' lang='lat' dir='ltr'>Pavido</span> <span class='ocrx_word' id='word_1_322' title='bbox 828 1967 927 2017; x_wconf 79' lang='lat' dir='ltr'>Fadius</span> <span class='ocrx_word' id='word_1_323' title='bbox 937 1969 1080 2036; x_wconf 73' lang='lat' dir='ltr'>Macedone,</span> <span class='ocrx_word' id='word_1_324' title='bbox 1095 1972 1168 2022; x_wconf 84' lang='lat' dir='ltr'>Coos.</span> 
     </span>
     <span class='ocr_line' id='line_1_52' title="bbox 664 2034 1168 2091; baseline 0.016 -8"><span class='ocrx_word' id='word_1_325' title='bbox 664 2035 691 2083; x_wconf 86' lang='lat' dir='ltr'>ii</span> <span class='ocrx_word' id='word_1_326' title='bbox 714 2051 737 2081; x_wconf 87' lang='lat' dir='ltr'>v.</span> <span class='ocrx_word' id='word_1_327' title='bbox 750 2034 804 2090; x_wconf 82' lang='lat' dir='ltr'>Cb..</span> <span class='ocrx_word' id='word_1_328' title='bbox 826 2052 872 2084; x_wconf 88' lang='lat' dir='ltr'>von</span> <span class='ocrx_word' id='word_1_329' title='bbox 892 2037 946 2086; x_wconf 87' lang='lat' dir='ltr'>deni</span> <span class='ocrx_word' id='word_1_330' title='bbox 966 2055 996 2087; x_wconf 91' lang='lat' dir='ltr'>zu</span> <span class='ocrx_word' id='word_1_331' title='bbox 1016 2040 1033 2088; x_wconf 91' lang='lat' dir='ltr'>l.</span> <span class='ocrx_word' id='word_1_332' title='bbox 1048 2045 1071 2091; x_wconf 84' lang='lat'>5.</span> <span class='ocrx_word' id='word_1_333' title='bbox 1110 2041 1168 2091; x_wconf 84' lang='lat' dir='ltr'>Seu.</span> 
     </span>
     <span class='ocr_line' id='line_1_53' title="bbox 662 2101 1171 2172; baseline 0.018 -23"><span class='ocrx_word' id='word_1_334' title='bbox 662 2101 692 2149; x_wconf 90' lang='lat' dir='ltr'>de</span> <span class='ocrx_word' id='word_1_335' title='bbox 707 2102 763 2150; x_wconf 87' lang='lat' dir='ltr'>ben.</span> <span class='ocrx_word' id='word_1_336' title='bbox 778 2101 818 2151; x_wconf 86' lang='lat' dir='ltr'>tv.</span> <span class='ocrx_word' id='word_1_337' title='bbox 830 2106 861 2155; x_wconf 83' lang='lat'>30</span> <span class='ocrx_word' id='word_1_338' title='bbox 880 2104 952 2166; x_wconf 75' lang='lat' dir='ltr'>Quid</span> <span class='ocrx_word' id='word_1_339' title='bbox 963 2123 1050 2172; x_wconf 80' lang='lat' dir='ltr'>nuper</span> <span class='ocrx_word' id='word_1_340' title='bbox 1058 2108 1171 2159; x_wconf 79' lang='lat' dir='ltr'>Fadium</span> 
     </span>
     <span class='ocr_line' id='line_1_54' title="bbox 660 2169 1170 2234; baseline 0.02 -18"><span class='ocrx_word' id='word_1_341' title='bbox 660 2169 809 2234; x_wconf 74' lang='lat' dir='ltr'>Persicam,</span> <span class='ocrx_word' id='word_1_342' title='bbox 842 2175 917 2220; x_wconf 71' lang='lat' dir='ltr'>eruitis</span> <span class='ocrx_word' id='word_1_343' title='bbox 946 2176 1064 2224; x_wconf 79' lang='lat' dir='ltr'>ornatam</span> <span class='ocrx_word' id='word_1_344' title='bbox 1091 2179 1170 2226; x_wconf 87' lang='lat' dir='ltr'>etiam</span> 
     </span>
    </p>
   </div>
   <div class='ocr_carea' id='block_1_9' title="bbox 643 2238 1170 2303">
    <p class='ocr_par' dir='ltr' id='par_1_15' title="bbox 643 2238 1170 2303">
     <span class='ocr_line' id='line_1_55' title="bbox 643 2238 1170 2303; baseline 0.019 -19"><span class='ocrx_word' id='word_1_345' title='bbox 643 2238 783 2302; x_wconf 78' lang='lat' dir='ltr'>&#39;inpudici</span> <span class='ocrx_word' id='word_1_346' title='bbox 812 2238 979 2303; x_wconf 80' lang='lat' dir='ltr'>devitabant,</span> <span class='ocrx_word' id='word_1_347' title='bbox 1007 2244 1170 2294; x_wconf 80' lang='lat' dir='ltr'>sacerdotem</span> 
     </span>
    </p>
   </div>
   <div class='ocr_carea' id='block_1_10' title="bbox 656 2308 1216 3986">
    <p class='ocr_par' dir='ltr' id='par_1_16' title="bbox 658 2308 1216 3390">
     <span class='ocr_line' id='line_1_56' title="bbox 660 2308 1170 2372; baseline 0.016 -18"><span class='ocrx_word' id='word_1_348' title='bbox 660 2321 715 2354; x_wconf 87' lang='lat' dir='ltr'>non</span> <span class='ocrx_word' id='word_1_349' title='bbox 732 2308 761 2354; x_wconf 85' lang='lat' dir='ltr'>in</span> <span class='ocrx_word' id='word_1_350' title='bbox 779 2322 832 2356; x_wconf 73' lang='lat' dir='ltr'>reno</span> <span class='ocrx_word' id='word_1_351' title='bbox 847 2309 958 2372; x_wconf 74' lang='lat' dir='ltr'>collegio</span> <span class='ocrx_word' id='word_1_352' title='bbox 969 2310 1033 2370; x_wconf 74' lang='lat' dir='ltr'>feeit</span> <span class='ocrx_word' id='word_1_353' title='bbox 1042 2313 1095 2359; x_wconf 83' lang='lat' dir='ltr'>nisi</span> <span class='ocrx_word' id='word_1_354' title='bbox 1105 2312 1132 2362; x_wconf 90' lang='lat' dir='ltr'><em>V</em></span> <span class='ocrx_word' id='word_1_355' title='bbox 1130 2327 1170 2362; x_wconf 82' lang='lat' dir='ltr'>er-</span> 
     </span>
     <span class='ocr_line' id='line_1_57' title="bbox 660 2376 1216 2440; baseline 0.018 -19"><span class='ocrx_word' id='word_1_356' title='bbox 660 2376 750 2422; x_wconf 78' lang='lat' dir='ltr'>rucosi</span> <span class='ocrx_word' id='word_1_357' title='bbox 768 2379 794 2422; x_wconf 86' lang='lat' dir='ltr'>et</span> <span class='ocrx_word' id='word_1_358' title='bbox 810 2376 979 2440; x_wconf 79' lang='lat' dir='ltr'>Allobrogici</span> <span class='ocrx_word' id='word_1_359' title='bbox 1004 2385 1030 2427; x_wconf 89' lang='lat' dir='ltr'>et</span> <span class='ocrx_word' id='word_1_360' title='bbox 1054 2380 1096 2429; x_wconf 86' lang='lat' dir='ltr'>illi</span> <span class='ocrx_word' id='word_1_361' title='bbox 1120 2386 1183 2430; x_wconf 72' lang='lat' dir='ltr'>tre·</span> <span class='ocrx_word' id='word_1_362' title='bbox 1213 2413 1216 2420; x_wconf 86' lang='lat'><em>-</em></span> 
     </span>
     <span class='ocr_line' id='line_1_58' title="bbox 660 2444 1169 2514; baseline 0.02 -25"><span class='ocrx_word' id='word_1_363' title='bbox 660 2445 731 2490; x_wconf 90' lang='lat' dir='ltr'>eenti</span> <span class='ocrx_word' id='word_1_364' title='bbox 748 2445 795 2505; x_wconf 84' lang='lat' dir='ltr'>qni</span> <span class='ocrx_word' id='word_1_365' title='bbox 813 2444 926 2492; x_wconf 80' lang='lat' dir='ltr'>bostiam</span> <span class='ocrx_word' id='word_1_366' title='bbox 953 2449 1103 2496; x_wconf 79' lang='lat' dir='ltr'>irtearainni</span> <span class='ocrx_word' id='word_1_367' title='bbox 1117 2464 1169 2514; x_wconf 86' lang='lat' dir='ltr'>pro</span> 
     </span>
     <span class='ocr_line' id='line_1_59' title="bbox 660 2511 1177 2572; baseline 0.019 -16"><span class='ocrx_word' id='word_1_368' title='bbox 660 2511 814 2572; x_wconf 81' lang='lat' dir='ltr'>republica</span> <span class='ocrx_word' id='word_1_369' title='bbox 837 2526 919 2560; x_wconf 77' lang='lat' dir='ltr'>arnam</span> <span class='ocrx_word' id='word_1_370' title='bbox 943 2513 1048 2562; x_wconf 71' lang='lat' dir='ltr'>domium</span> <span class='ocrx_word' id='word_1_371' title='bbox 1072 2518 1177 2566; x_wconf 68' lang='lat' dir='ltr'>olitana--</span> 
     </span>
     <span class='ocr_line' id='line_1_60' title="bbox 659 2578 1168 2632; baseline 0.016 -8"><span class='ocrx_word' id='word_1_372' title='bbox 659 2579 742 2626; x_wconf 82' lang='lat' dir='ltr'>rant?</span> <span class='ocrx_word' id='word_1_373' title='bbox 766 2578 802 2626; x_wconf 84' lang='lat' dir='ltr'>Er</span> <span class='ocrx_word' id='word_1_374' title='bbox 821 2578 898 2627; x_wconf 86' lang='lat' dir='ltr'>findet</span> <span class='ocrx_word' id='word_1_375' title='bbox 915 2581 965 2627; x_wconf 86' lang='lat' dir='ltr'>sich</span> <span class='ocrx_word' id='word_1_376' title='bbox 985 2581 1022 2632; x_wconf 89' lang='lat' dir='ltr'>ais</span> <span class='ocrx_word' id='word_1_377' title='bbox 1034 2582 1126 2630; x_wconf 84' lang='lat' dir='ltr'>Arraie</span> <span class='ocrx_word' id='word_1_378' title='bbox 1144 2584 1168 2632; x_wconf 93' lang='lat' dir='ltr'>in</span> 
     </span>
     <span class='ocr_line' id='line_1_61' title="bbox 659 2646 1170 2700; baseline 0.014 -8"><span class='ocrx_word' id='word_1_379' title='bbox 659 2646 789 2693; x_wconf 86' lang='lat' dir='ltr'>mebroren</span> <span class='ocrx_word' id='word_1_380' title='bbox 816 2647 970 2695; x_wconf 74' lang='lat' dir='ltr'>Arraitniein</span> <span class='ocrx_word' id='word_1_381' title='bbox 999 2658 1071 2698; x_wconf 88' lang='lat' dir='ltr'>noter</span> <span class='ocrx_word' id='word_1_382' title='bbox 1095 2650 1170 2700; x_wconf 85' lang='lat' dir='ltr'>Tibe-</span> 
     </span>
     <span class='ocr_line' id='line_1_62' title="bbox 659 2712 1168 2774; baseline 0.016 -14"><span class='ocrx_word' id='word_1_383' title='bbox 659 2712 719 2768; x_wconf 88' lang='lat' dir='ltr'>rius,</span> <span class='ocrx_word' id='word_1_384' title='bbox 743 2712 856 2774; x_wconf 70' lang='lat' dir='ltr'>Caligula</span> <span class='ocrx_word' id='word_1_385' title='bbox 870 2716 917 2762; x_wconf 90' lang='lat' dir='ltr'>und</span> <span class='ocrx_word' id='word_1_386' title='bbox 930 2715 1056 2772; x_wconf 83' lang='lat' dir='ltr'>Claudius,</span> <span class='ocrx_word' id='word_1_387' title='bbox 1079 2718 1168 2767; x_wconf 87' lang='lat' dir='ltr'>desson</span> 
     </span>
     <span class='ocr_line' id='line_1_63' title="bbox 659 2780 1165 2835; baseline 0.014 -7"><span class='ocrx_word' id='word_1_388' title='bbox 659 2780 758 2829; x_wconf 78' lang='lat' dir='ltr'>Frertnd</span> <span class='ocrx_word' id='word_1_389' title='bbox 784 2796 812 2828; x_wconf 90' lang='lat' dir='ltr'>er</span> <span class='ocrx_word' id='word_1_390' title='bbox 830 2797 893 2830; x_wconf 84' lang='lat' dir='ltr'>war.</span> <span class='ocrx_word' id='word_1_391' title='bbox 942 2782 1031 2831; x_wconf 82' lang='lat' dir='ltr'>Marini</span> <span class='ocrx_word' id='word_1_392' title='bbox 1051 2792 1100 2832; x_wconf 89' lang='lat' dir='ltr'>tav.</span> <span class='ocrx_word' id='word_1_393' title='bbox 1123 2785 1165 2835; x_wconf 88' lang='lat' dir='ltr'>tv.</span> 
     </span>
     <span class='ocr_line' id='line_1_64' title="bbox 660 2847 1168 2911; baseline 0.012 -13"><span class='ocrx_word' id='word_1_394' title='bbox 660 2847 701 2898; x_wconf 85' lang='lat' dir='ltr'>Vi.</span> <span class='ocrx_word' id='word_1_395' title='bbox 719 2848 773 2897; x_wconf 85' lang='lat' dir='ltr'>Vll.</span> <span class='ocrx_word' id='word_1_396' title='bbox 790 2848 834 2898; x_wconf 81' lang='lat' dir='ltr'>tx.</span> <span class='ocrx_word' id='word_1_397' title='bbox 849 2849 894 2898; x_wconf 71' lang='lat' dir='ltr'>nt.</span> <span class='ocrx_word' id='word_1_398' title='bbox 924 2851 975 2898; x_wconf 85' lang='lat' dir='ltr'>tab.</span> <span class='ocrx_word' id='word_1_399' title='bbox 997 2850 1077 2911; x_wconf 79' lang='lat' dir='ltr'>Lugd.</span> <span class='ocrx_word' id='word_1_400' title='bbox 1095 2851 1168 2905; x_wconf 79' lang='grc' dir='ltr'><strong>ΙΙ.24</strong></span> 
     </span>
     <span class='ocr_line' id='line_1_65' title="bbox 658 2917 1169 2976; baseline 0.016 -13"><span class='ocrx_word' id='word_1_401' title='bbox 658 2917 752 2975; x_wconf 75' lang='lat' dir='ltr'>(binter</span> <span class='ocrx_word' id='word_1_402' title='bbox 771 2918 793 2965; x_wconf 78' lang='lat' dir='ltr'>d,</span> <span class='ocrx_word' id='word_1_403' title='bbox 816 2920 872 2966; x_wconf 79' lang='lat' dir='ltr'>2ten</span> <span class='ocrx_word' id='word_1_404' title='bbox 894 2919 962 2976; x_wconf 82' lang='lat' dir='ltr'>Bdet.</span> <span class='ocrx_word' id='word_1_405' title='bbox 994 2918 1024 2968; x_wconf 84' lang='lat' dir='ltr'>L.</span> <span class='ocrx_word' id='word_1_406' title='bbox 1044 2919 1169 2972; x_wconf 68' lang='lat' dir='ltr'>Vitelliano</span> 
     </span>
     <span class='ocr_line' id='line_1_66' title="bbox 659 2985 1165 3052; baseline 0.016 -20"><span class='ocrx_word' id='word_1_407' title='bbox 659 2985 693 3033; x_wconf 84' lang='lat' dir='ltr'>ist</span> <span class='ocrx_word' id='word_1_408' title='bbox 711 2986 757 3034; x_wconf 91' lang='lat' dir='ltr'>der</span> <span class='ocrx_word' id='word_1_409' title='bbox 775 2985 853 3035; x_wconf 86' lang='lat' dir='ltr'>Vater</span> <span class='ocrx_word' id='word_1_410' title='bbox 872 2987 916 3035; x_wconf 89' lang='lat' dir='ltr'>des</span> <span class='ocrx_word' id='word_1_411' title='bbox 935 2991 1035 3052; x_wconf 75' lang='lat' dir='ltr'>spitern</span> <span class='ocrx_word' id='word_1_412' title='bbox 1051 2989 1165 3040; x_wconf 82' lang='lat' dir='ltr'>Kaisers</span> 
     </span>
     <span class='ocr_line' id='line_1_67' title="bbox 660 3051 1166 3110; baseline 0.012 -8"><span class='ocrx_word' id='word_1_413' title='bbox 660 3052 685 3102; x_wconf 87' lang='lat' dir='ltr'>S.</span> <span class='ocrx_word' id='word_1_414' title='bbox 700 3051 741 3101; x_wconf 83' lang='lat' dir='ltr'>vt.</span> <span class='ocrx_word' id='word_1_415' title='bbox 753 3054 816 3104; x_wconf 72' lang='lat' dir='ltr'>taff.</span> <span class='ocrx_word' id='word_1_416' title='bbox 839 3054 884 3104; x_wconf 80' lang='lat' dir='ltr'>Xi.</span> <span class='ocrx_word' id='word_1_417' title='bbox 896 3058 918 3106; x_wconf 86' lang='lat'>3.</span> <span class='ocrx_word' id='word_1_418' title='bbox 930 3057 969 3105; x_wconf 88' lang='lat'>33.</span> <span class='ocrx_word' id='word_1_419' title='bbox 984 3055 1041 3105; x_wconf 91' lang='grc' dir='ltr'>ΧΙΙ.</span> <span class='ocrx_word' id='word_1_420' title='bbox 1053 3061 1076 3108; x_wconf 80' lang='grc'>4.</span> <span class='ocrx_word' id='word_1_421' title='bbox 1088 3061 1110 3109; x_wconf 84' lang='grc'>5.</span> <span class='ocrx_word' id='word_1_422' title='bbox 1124 3061 1166 3110; x_wconf 82' lang='grc'>42.</span> 
     </span>
     <span class='ocr_line' id='line_1_68' title="bbox 659 3108 1167 3178; baseline 0.02 -10"><span class='ocrx_word' id='word_1_423' title='bbox 659 3118 778 3172; x_wconf 73' lang='lat' dir='ltr'>xivao.</span> <span class='ocrx_word' id='word_1_424' title='bbox 808 3108 867 3172; x_wconf 79' lang='lat' dir='ltr'>nt.</span> <span class='ocrx_word' id='word_1_425' title='bbox 886 3128 908 3175; x_wconf 81' lang='lat' dir='ltr'>u.</span> <span class='ocrx_word' id='word_1_426' title='bbox 923 3127 962 3175; x_wconf 81' lang='lat'>52.</span> <span class='ocrx_word' id='word_1_427' title='bbox 985 3125 1024 3174; x_wconf 85' lang='lat' dir='ltr'>ru.</span> <span class='ocrx_word' id='word_1_428' title='bbox 1043 3129 1083 3178; x_wconf 79' lang='lat' dir='ltr'>eo.</span> <span class='ocrx_word' id='word_1_429' title='bbox 1121 3127 1167 3178; x_wconf 78' lang='lat' dir='ltr'>nn</span> 
     </span>
     <span class='ocr_line' id='line_1_69' title="bbox 660 3190 1166 3245; baseline 0.016 -9"><span class='ocrx_word' id='word_1_430' title='bbox 660 3190 772 3238; x_wconf 70' lang='lat' dir='ltr'>dnknnit</span> <span class='ocrx_word' id='word_1_431' title='bbox 790 3191 833 3240; x_wconf 90' lang='lat' dir='ltr'>des</span> <span class='ocrx_word' id='word_1_432' title='bbox 854 3192 948 3241; x_wconf 83' lang='lat' dir='ltr'>Pbdnix</span> <span class='ocrx_word' id='word_1_433' title='bbox 967 3202 1052 3243; x_wconf 84' lang='lat' dir='ltr'>setzen</span> <span class='ocrx_word' id='word_1_434' title='bbox 1070 3195 1131 3244; x_wconf 78' lang='lat' dir='ltr'>Piin.</span> <span class='ocrx_word' id='word_1_435' title='bbox 1143 3199 1166 3245; x_wconf 90' lang='lat' dir='ltr'>b.</span> 
     </span>
     <span class='ocr_line' id='line_1_70' title="bbox 660 3257 1169 3315; baseline 0.022 -11"><span class='ocrx_word' id='word_1_436' title='bbox 660 3265 710 3305; x_wconf 89' lang='lat' dir='ltr'>nat.</span> <span class='ocrx_word' id='word_1_437' title='bbox 731 3257 827 3315; x_wconf 66' lang='lat' dir='ltr'>Xi2,5</span> <span class='ocrx_word' id='word_1_438' title='bbox 847 3276 869 3309; x_wconf 93' lang='lat' dir='ltr'>n.</span> <span class='ocrx_word' id='word_1_439' title='bbox 892 3260 937 3310; x_wconf 87' lang='lat' dir='ltr'>Dio</span> <span class='ocrx_word' id='word_1_440' title='bbox 957 3262 1085 3314; x_wconf 60' lang='lat' dir='ltr'>tvtttat</span> <span class='ocrx_word' id='word_1_441' title='bbox 1104 3264 1169 3315; x_wconf 83' lang='lat' dir='ltr'>zwei</span> 
     </span>
     <span class='ocr_line' id='line_1_71' title="bbox 658 3324 845 3390; baseline 0.011 -18"><span class='ocrx_word' id='word_1_442' title='bbox 658 3324 735 3373; x_wconf 82' lang='lat' dir='ltr'>dabre</span> <span class='ocrx_word' id='word_1_443' title='bbox 754 3330 845 3390; x_wconf 77' lang='lat' dir='ltr'>spiter.</span> 
     </span>
    </p>

    <p class='ocr_par' dir='ltr' id='par_1_17' title="bbox 656 3395 1168 3986">
     <span class='ocr_line' id='line_1_72' title="bbox 698 3395 1164 3464; baseline 0.019 -24"><span class='ocrx_word' id='word_1_444' title='bbox 698 3395 732 3441; x_wconf 86' lang='grc'>13.</span> <span class='ocrx_word' id='word_1_445' title='bbox 751 3409 802 3443; x_wconf 86' lang='lat' dir='ltr'>ore.</span> <span class='ocrx_word' id='word_1_446' title='bbox 827 3395 943 3446; x_wconf 87' lang='lat' dir='ltr'>Lootant.</span> <span class='ocrx_word' id='word_1_447' title='bbox 956 3398 986 3447; x_wconf 89' lang='lat' dir='ltr'>de</span> <span class='ocrx_word' id='word_1_448' title='bbox 1002 3400 1089 3464; x_wconf 84' lang='lat' dir='ltr'>pboen.</span> <span class='ocrx_word' id='word_1_449' title='bbox 1105 3400 1164 3449; x_wconf 81' lang='lat'>135:</span> 
     </span>
     <span class='ocr_line' id='line_1_73' title="bbox 658 3459 1168 3525; baseline 0.016 -17"><span class='ocrx_word' id='word_1_450' title='bbox 658 3459 767 3509; x_wconf 84' lang='lat' dir='ltr'>Albioat</span> <span class='ocrx_word' id='word_1_451' title='bbox 792 3464 905 3525; x_wconf 75' lang='lat' dir='ltr'>insignis</span> <span class='ocrx_word' id='word_1_452' title='bbox 931 3469 1008 3515; x_wconf 76' lang='lat' dir='ltr'>misto</span> <span class='ocrx_word' id='word_1_453' title='bbox 1034 3466 1168 3516; x_wconf 82' lang='lat' dir='ltr'>viridante</span> 
     </span>
     <span class='ocr_line' id='line_1_74' title="bbox 657 3528 1167 3598; baseline 0.018 -23"><span class='ocrx_word' id='word_1_454' title='bbox 657 3528 801 3592; x_wconf 77' lang='lat' dir='ltr'>smaragdo</span> <span class='ocrx_word' id='word_1_455' title='bbox 819 3530 856 3579; x_wconf 78' lang='lat' dir='ltr'>at</span> <span class='ocrx_word' id='word_1_456' title='bbox 869 3547 941 3595; x_wconf 77' lang='lat' dir='ltr'>pirro</span> <span class='ocrx_word' id='word_1_457' title='bbox 953 3549 1037 3583; x_wconf 83' lang='lat' dir='ltr'>eornn</span> <span class='ocrx_word' id='word_1_458' title='bbox 1047 3549 1167 3598; x_wconf 73' lang='lat' dir='ltr'>gemmea</span> 
     </span>
     <span class='ocr_line' id='line_1_75' title="bbox 658 3597 1168 3666; baseline 0.02 -23"><span class='ocrx_word' id='word_1_459' title='bbox 658 3598 746 3660; x_wconf 78' lang='lat' dir='ltr'>crispis</span> <span class='ocrx_word' id='word_1_460' title='bbox 763 3597 827 3645; x_wconf 75' lang='lat' dir='ltr'>arat.</span> <span class='ocrx_word' id='word_1_461' title='bbox 864 3599 987 3662; x_wconf 79' lang='lat' dir='ltr'>ingentes</span> <span class='ocrx_word' id='word_1_462' title='bbox 1006 3604 1090 3666; x_wconf 87' lang='lat' dir='ltr'>oonti,</span> <span class='ocrx_word' id='word_1_463' title='bbox 1112 3618 1168 3652; x_wconf 86' lang='lat' dir='ltr'>ore-</span> 
     </span>
     <span class='ocr_line' id='line_1_76' title="bbox 658 3663 1167 3735; baseline 0.016 -23"><span class='ocrx_word' id='word_1_464' title='bbox 658 3663 706 3713; x_wconf 83' lang='lat' dir='ltr'>dar</span> <span class='ocrx_word' id='word_1_465' title='bbox 720 3666 842 3728; x_wconf 77' lang='lat' dir='ltr'>geminos</span> <span class='ocrx_word' id='word_1_466' title='bbox 859 3666 1028 3732; x_wconf 74' lang='lat' dir='ltr'>hyacintinas,</span> <span class='ocrx_word' id='word_1_467' title='bbox 1053 3686 1167 3735; x_wconf 81' lang='lat' dir='ltr'>qrrarnm</span> 
     </span>
     <span class='ocr_line' id='line_1_77' title="bbox 657 3731 1165 3794; baseline 0.014 -13"><span class='ocrx_word' id='word_1_468' title='bbox 657 3731 689 3781; x_wconf 87' lang='lat' dir='ltr'>de</span> <span class='ocrx_word' id='word_1_469' title='bbox 712 3732 798 3782; x_wconf 82' lang='lat' dir='ltr'>medio</span> <span class='ocrx_word' id='word_1_470' title='bbox 827 3732 917 3782; x_wconf 82' lang='lat' dir='ltr'>lueida</span> <span class='ocrx_word' id='word_1_471' title='bbox 944 3737 1053 3794; x_wconf 73' lang='lat' dir='ltr'>stamma</span> <span class='ocrx_word' id='word_1_472' title='bbox 1077 3741 1165 3788; x_wconf 78' lang='lat' dir='ltr'>miani.</span> 
     </span>
     <span class='ocr_line' id='line_1_78' title="bbox 656 3801 1167 3865; baseline 0.016 -17"><span class='ocrx_word' id='word_1_473' title='bbox 656 3801 796 3865; x_wconf 79' lang='lat' dir='ltr'>Aeqnatnr</span> <span class='ocrx_word' id='word_1_474' title='bbox 821 3805 875 3848; x_wconf 85' lang='lat' dir='ltr'>toto</span> <span class='ocrx_word' id='word_1_475' title='bbox 898 3804 982 3863; x_wconf 79' lang='lat' dir='ltr'>capiti</span> <span class='ocrx_word' id='word_1_476' title='bbox 998 3804 1107 3855; x_wconf 82' lang='lat' dir='ltr'>radiata</span> <span class='ocrx_word' id='word_1_477' title='bbox 1125 3821 1167 3855; x_wconf 87' lang='lat' dir='ltr'>oo·</span> 
     </span>
     <span class='ocr_line' id='line_1_79' title="bbox 656 3868 1167 3925; baseline 0.014 -9"><span class='ocrx_word' id='word_1_478' title='bbox 656 3883 725 3917; x_wconf 81' lang='lat' dir='ltr'>rona</span> <span class='ocrx_word' id='word_1_479' title='bbox 735 3869 848 3917; x_wconf 80' lang='lat' dir='ltr'>Plioedei</span> <span class='ocrx_word' id='word_1_480' title='bbox 862 3868 980 3925; x_wconf 69' lang='lat' dir='ltr'>referens</span> <span class='ocrx_word' id='word_1_481' title='bbox 991 3875 1098 3922; x_wconf 78' lang='lat' dir='ltr'>verticis</span> <span class='ocrx_word' id='word_1_482' title='bbox 1111 3872 1167 3923; x_wconf 82' lang='lat' dir='ltr'>alta</span> 
     </span>
     <span class='ocr_line' id='line_1_80' title="bbox 657 3936 742 3986; baseline 0 -2"><span class='ocrx_word' id='word_1_483' title='bbox 657 3936 742 3986; x_wconf 74' lang='lat' dir='ltr'>denus.</span> 
     </span>
    </p>
   </div>
   <div class='ocr_carea' id='block_1_11' title="bbox 0 0 1280 4350">
    <p class='ocr_par' dir='ltr' id='par_1_18' title="bbox 0 0 1280 4350">
     <span class='ocr_line' id='line_1_81' title="bbox 0 0 1280 4350; baseline 0 3"><span class='ocrx_word' id='word_1_484' title='bbox 0 0 1280 4350; x_wconf 95' lang='lat' dir='ltr'> </span> 
     </span>
    </p>
   </div>
  </div>
 </body>
</html>
