2550 4350
95 293 220 356 pontt)
275 289 318 349 ΑΒ
336 289 490 352 Excussu
507 290 577 344 DIVI
595 289 737 343 AUGUSTI
754 291 824 343 xlv.
842 293 882 346 63.
894 295 936 345 64.
949 296 990 348 ot.
1062 358 1065 362 .
1102 283 1161 345 155
1225 304 1230 309 “

97 447 200 516 cieret,
232 463 289 521 qua
316 437 459 506 inc'olumi
488 445 591 520 infelix
621 445 740 524 quidem
770 445 991 507 matrimonium
1022 447 1075 507 scd
1098 448 1164 508 sine

96 530 187 590 exitio
210 529 392 607 pertulisset.
415 531 617 608 Rostringitur
638 530 755 601 vinclis,
778 549 932 609 venaeque
949 531 1014 590 eius
1030 550 1085 609 per
1100 549 1163 591 om·
1219 604 1226 613 ,

96 633 152 674 nes
175 623 256 673 artus
279 610 468 688 exolvuntur·,
492 620 521 674 et
544 615 612 695 quia
636 632 760 693 pressus
785 633 893 692 pavore
909 614 1033 692 sanguis
1049 615 1163 676 tardius
1185 676 1192 690 ,

97 698 263 785 labebatur,
296 699 475 776 praefervidi
504 699 604 759 balnei
637 716 748 776 vapore
782 707 932 759 enecatur.
978 698 1163 777 additurque

71 782 229 843 tatrocior
250 783 383 853 saevitia,
413 784 607 861 quodcaput
628 790 808 860 amputatum
832 783 984 860 latumque
1006 783 1038 843 in
1060 783 1165 843 urbem

96 868 235 944 Poppaea
258 866 343 927 vidit.
365 867 450 927 Dona
473 866 511 926 ob
534 868 609 926 baec
631 865 752 944 templis
776 867 905 927 decreta.
936 867 1027 938 Quae·
1043 869 1079 926 ad
1097 885 1165 928 eum

94 953 186 1012 finem
215 950 454 1023 memoravimus,
483 958 515 1009 ut
537 950 718 1029 quicumque
741 969 829 1010 casus
852 959 1020 1030 temporum
1044 951 1164 1011 illorum

94 1034 184 1095 nobis
216 1034 263 1095 vel
294 1035 360 1094 aliis
389 1034 561 1096 auctoribus
592 1042 727 1106 noscent,
763 1044 988 1113 praesumptum
1021 1035 1161 1109 habeant,
1187 1078 1190 1083 -

96 1119 236 1198 quotiens
259 1119 344 1195 fugas
368 1127 398 1178 et
420 1119 527 1180 caedes
551 1119 640 1179 iussit
663 1119 815 1197 princeps,
838 1119 950 1179 totiens
974 1128 1072 1195 grates
1095 1120 1161 1180 deis
1230 1188 1232 1196 Ι

56 1211 188 1273 wactas,
213 1221 349 1280 quaeque
371 1221 470 1263 rerum
492 1204 691 1264 secundarum
713 1203 794 1274 olim,
822 1211 884 1263 tum
907 1203 1045 1282 publicae
1068 1203 1162 1264 cladis
1197 1229 1200 1233 ·

93 1286 226 1364 insignia
250 1286 354 1346 fuisse.
376 1284 480 1365 Neque
503 1296 601 1347 tamen
625 1286 790 1360 silebimus,
814 1287 841 1347 si
858 1288 938 1365 quod
954 1295 1076 1348 senatus
1093 1306 1165 1348 con·

95 1372 205 1433 sultum
229 1370 401 1431 adulatione
422 1390 531 1432 novum
555 1379 604 1432 aut
627 1372 771 1450 patientia
794 1381 980 1450 postremum
1004 1371 1068 1453 luit.
1103 1420 1107 1427 .

180 1454 292 1515 Eodem
322 1473 400 1516 anno
428 1455 604 1516 libertorum
633 1455 809 1534 potissimos
832 1474 946 1516 veneno
969 1456 1160 1517 interfecisse
1172 1460 1212 1520 65

96 1539 229 1601 creditus
253 1550 308 1612 est,
331 1540 538 1617 Doryphorum
555 1540 640 1617 quasi
658 1540 845 1600 adversatum
862 1540 974 1618 nuptiis
991 1541 1160 1619 Poppaeae,

56 1636 85 1686 15
97 1624 271 1696 Pallantem,
295 1623 375 1701 quod
398 1623 564 1683 inmensam
587 1623 744 1699 pecuniam
761 1623 849 1698 longa
866 1633 986 1682 senecta
1003 1623 1162 1684 detineret.

94 1710 247 1771 Romanus
269 1708 395 1769 secretis
418 1705 679 1767 criminationibus
702 1707 892 1774 incusaverat
913 1707 1060 1766 Senecam
1083 1716 1115 1767 ut
1130 1707 1163 1767 u.

94 1792 217 1854 Pisonis
240 1792 384 1864 amicum,
413 1791 465 1851 sed
488 1791 614 1853 validius
638 1808 653 1849 a
678 1790 792 1850 Seneca
816 1789 922 1850 eodem
946 1789 1073 1849 crimine
1095 1809 1163 1868 per·
1197 1855 1199 1860 ,

96 1878 197 1938 culsus
221 1885 275 1937 est.
309 1876 394 1936 Unde
416 1876 521 1936 Pisoni
546 1875 644 1944 timor,
675 1883 704 1934 et
727 1882 792 1934 orta
816 1873 993 1934 insidiarum
1017 1872 1048 1933 in
1070 1873 1164 1934 Nero-

97 1981 165 2042 nem
187 1978 293 2037 magna
315 1961 411 2022 moles
435 1969 465 2022 et
486 1960 676 2038 inprospera.
1184 1970 1187 1979 ’

68 2141 73 2157 ’
94 2126 604 2178 kommenscbaltdcsClaurliusundGer-
656 2141 688 2175 an
706 2125 753 2175 der
770 2124 907 2175 Erbscbalt
934 2124 979 2174 des
997 2122 1168 2188 Freigelasse-

94 2195 336 2245 maniousumlasste
348 2193 604 2257 dangrosstenTbeil
657 2210 712 2244 neu.
734 2192 790 2244 Gai.
811 2191 854 2242 Ill.
875 2192 892 2258 ξ
910 2194 954 2244 42.

95 2264 140 2314 des
157 2262 302 2326 bisberigeu
313 2263 480 2313 kaiscrlicben
494 2264 600 2313 Hauses.
692 2264 731 2313 tu.
752 2259 888 2311 Romanus
904 2275 972 2310 muss
991 2262 1053 2311 auch
1063 2260 1103 2311 ain
1113 2259 1167 2309 kui-

130 2333 153 2382 1.
174 2331 309 2381 ineolumi.
328 2331 355 2381 S.
375 2347 406 2381 zu
423 2330 493 2383 XIV.
516 2335 538 2382 1.
656 2329 778 2380 serlicber
805 2327 1013 2392 Frcigelassener
1039 2329 1101 2386 scin,
1135 2328 1167 2378 da
1253 2390 1255 2395 Ι

129 2401 153 2450 3.
170 2415 286 2464 pressos.
305 2399 331 2449 S.
353 2415 384 2449 zu
400 2398 471 2449 XlV.
493 2401 516 2450 5.
656 2414 692 2456 er,
714 2396 814 2448 obwobl
831 2405 902 2448 sonat
919 2397 996 2460 vollig
1013 2398 1164 2457 unbekannt,

129 2470 154 2517 4.
175 2467 286 2515 additur
302 2490 337 2510 ==
354 2480 381 2514 es
409 2466 482 2515 wird'
503 2479 606 2519 ausser·¹
656 2469 720 2516 ubne
739 2466 832 2516 nabere
841 2465 1018 2530 Bezcicbnung
1030 2465 1075 2516 mit
1086 2465 1168 2514 ciuem

96 2533 152 2582 dem
170 2533 320 2594 ausgeiibt.·
657 2532 754 2583 Namcn
772 2541 882 2595 genennt
898 2534 974 2582 wird.
1043 2567 1046 2574 .

130 2603 154 2651 9.
175 2599 257 2664 fugas
272 2597 496 2660 ‘Verbauunngen'.
534 2597 561 2647 S.
576 2613 607 2647 zu
694 2599 1168 2659 tt.amtoom.bto}1us.soeiom,
1256 2657 1260 2662 ὴ

95 2667 138 2718 lli.
155 2667 196 2718 24.
658 2666 778 2715 wodurcb
806 2666 932 2715 Romanus
961 2664 1001 2713 die
1019 2664 1169 2714 Verscbwci-

66 2740 69 2747 '
131 2731 186 2792 65.
209 2736 247 2785 14.
268 2734 454 2800 Dorppbomte,
473 2729 606 2782 olibellir.
658 2747 724 2795 rung
748 2730 879 2781 als'scbon
897 2732 1035 2782 bestcbend
1054 2730 1170 2780 bezcicb-
1219 2735 1221 2738 ‘

96 2805 123 2855 S.
144 2820 174 2853 zu
192 2800 250 2853 XV.
273 2797 504 2854 asbiornus.
526 2797 609 2849 Ueber
660 2815 707 2849 nen
725 2800 822 2849 wrirde.
844 2799 887 2848 Sie
899 2799 1016 2849 entatand
1029 2799 1098 2856 aber,
1118 2797 1169 2846 wie
1250 2845 1252 2849 .

59 2895 62 2900 ·
94 2873 185 2924 Pullos
202 2869 271 2921 Xlll.
294 2873 333 2921 14.
440 2919 442 2923 ,
659 2867 740 2930 gleicb
759 2866 1012 2929 tinzugettigtoiru,
1044 2874 1098 2917 erst
1114 2866 1170 2930 spei-

131 2944 171 2992 15.
193 2940 329 3002 detineret,
348 2937 398 2987 wie
416 2935 473 2988 Xll.
494 2937 535 2987 44.
556 2933 608 2987 Der
659 2945 701 2986 ter
729 2935 779 2984 und
803 2932 872 2984 Nero
903 2936 977 2984 abnte
999 2935 1068 2985 ,uocb
1095 2933 1169 2994 lange

95 3010 190 3061 Patron
215 3009 284 3059 batte
309 3006 484 3058 bedcutcoden
508 3005 609 3055 butbcil
660 3003 741 3054 uicbts
759 3019 808 3053 von
826 3002 873 3053 ibr.
895 3002 921 3053 S.
942 3000 1000 3053 XV.
1022 3001 1087 3055 ean.
1164 3015 1167 3020 ’
