2550 4350
118 270 170 360 gg.
505 283 651 337 CORNuLl
668 284 781 337 TAGITl
879 315 881 324 ·
1063 294 1183 351 (auare

117 458 183 519 rent
205 441 444 518 reddendamque
467 439 587 516 gratiam
608 439 637 498 in
662 437 724 498 acie
745 439 917 511 faterentur,
941 439 1029 501 simul
1050 441 1184 519 perfidos

118 541 148 594 et
169 539 308 610 ruptores
329 524 410 605 pacis
438 522 543 583 ultioni
557 529 602 583 ›et
630 521 740 599 gloriae
762 523 946 583 mactandos.
997 524 1079 584 lnter
1107 544 1184 603 quae

116 633 192 687 unus
220 611 368 682 hostium,
401 607 525 668 Latinae
544 606 662 684 linguae
683 606 797 676 sciens,
827 615 892 667 acto
916 607 951 667 ad
974 608 1080 668 vallum
1103 627 1180 687 equo

116 717 190 769 rece
215 713 319 776 magna
348 692 488 769 coniuges
519 699 549 752 et
569 708 657 768 agros
685 697 715 750 et
743 689 883 768 stipendii
913 692 943 751 in
971 691 1052 765 dies,
1087 693 1183 755 dorrec

117 781 287 853 bellaretur,
311 776 467 839 sestertios
490 782 640 847 centenos,
673 773 699 834 si
721 774 789 852 quis
811 774 1036 852 transfugisset,
1058 778 1211 841 Arminiit·

117 866 238 933 nomine
268 861 432 942 pollicetur.
490 858 625 920 Incendit
655 877 689 918 ea
719 858 896 919 contumelia
924 860 1075 936 legionum
1104 862 1182 922 iras:

115 950 230 1011 reniret
251 947 326 1019 dies,
349 945 468 1005 daretur
489 962 604 1021 pugna3
628 949 814 1020 sumpturum
829 941 950 1002 militem
967 940 1183 1006 Germanorum

116 1051 214 1111 agros,
237 1039 397 1093 tracturum
421 1027 579 1103 coniuges3
609 1027 742 1102 accipere
770 1044 857 1086 omen
887 1034 916 1085 et
937 1028 1124 1088 matrimonia
1148 1049 1183 1090 ac

114 1116 255 1194 pecunias
287 1111 417 1175 hostium
451 1109 578 1186 praedae
612 1109 772 1169 destinare.
826 1109 926 1170 Tertia
964 1113 1055 1173 ferme
1084 1112 1185 1191 vigilia

115 1200 292 1267 adsultatum
314 1202 360 1256 est
381 1193 503 1261 castris,
535 1192 598 1252 sine
621 1192 754 1252 coniectu
776 1192 843 1264 teli,
870 1202 1028 1271 postquam
1056 1197 1177 1258 crebras
1192 1209 1223 1258 to

64 1286 105 1348 14
115 1301 177 1363 pro,
200 1277 391 1342 munimentis
421 1275 560 1337 cohortes
588 1284 617 1335 et
644 1275 714 1336 nihil
746 1276 907 1337 remissum
930 1296 1063 1340 sensere.
1116 1281 1183 1344 Nox

116 1365 217 1439 eadem
245 1365 352 1424 laetam
375 1358 548 1421 Germanico
578 1359 706 1436 quietem
734 1359 815 1430 tulit,
851 1361 980 1439 viditque
1007 1382 1040 1424 se
1070 1382 1180 1442 opera-

114 1457 176 1519 tum
199 1438 229 1509 et
250 1445 392 1524 sanguine
415 1461 499 1502 sacro
528 1458 666 1519 respersa
694 1452 845 1522 praetexta
873 1446 1073 1523 pulchriorem
1096 1449 1183 1510 aliam

114 1530 251 1601 manibus
279 1530 359 1589 aviae
381 1529 530 1603 Augustae
558 1526 719 1602 accepisse.
770 1529 879 1589 ductus
908 1531 1007 1591 omine
1035 1531 1179 1593 addicen-

115 1613 194 1679 tihus
231 1611 371 1692 auspiciis
407 1616 491 1669 vocat
525 1609 692 1670 contionem
728 1617 757 1670 et
784 1630 858 1689 quae
888 1613 1029 1693 sapientia
1059 1617 1180 1694 prouisa
1193 1628 1225 1677 15

111 1812 166 1860 iaci
181 1825 228 1860 vor
239 1809 286 1860 deu
297 1808 416 1859 Saldaten
428 1822 519 1873 possen
531 1806 621 1856 durch·
670 1804 744 1856 ΧΙ.3
767 1814 858 1859 secuta
881 1816 945 1859 ruat
969 1809 1076 1862 Claudii
1100 1817 1185 1867 verba

111 1892 157 1929 aus
176 1877 243 1927 nicht
259 1893 291 1926 zu
304 1875 452 1927 derl'erson
466 1876 510 1925 des
521 1875 616 1933 Germ,
671 1875 701 1922 in
718 1874 828 1924 eandem
846 1876 1018 1927 elementiam.

109 1945 160 2011 wie
177 1943 209 1994 Τ.
228 1944 265 1994 sie
285 1942 314 1994 ΙΙ.
333 1946 365 1995 m
384 1943 517 1993 achildert:
544 1946 620 1992 tanta
708 1942 730 1990 i·
756 1942 873 2004 perfidos
899 1949 926 1993 et
952 1950 1075 2011 ruptores
1096 1951 1185 2013 paru,

109 2011 153 2073 itta
170 2014 279 2061 comitae
292 2014 321 2060 in
333 2013 427 2074 seciae,
444 2008 620 2070 mansuetuda
671 2021 760 2068 wegcn
771 2007 838 2057 ihres
848 2009 986 2072 Betragens
999 2027 1077 2074 gegen
1085 2012 1180 2065 Varus.

3 2131 5 2137 ,
109 2064 140 2127 ahi
157 2079 250 2141 hortas,
269 2081 378 2142 utruque
396 2082 422 2127 et
436 2076 532 2126 auditu
541 2079 620 2125 iurata
705 2076 728 2124 9.
745 2072 851 2124 torua
877 2076 961 2136 ferme
983 2081 1085 2143 vigilia.
1133 2081 1181 2132 lue

109 2141 276 2207 ammanitis,
290 2160 349 2194 cum
364 2142 577 2208 magnitudinem
591 2148 621 2192 at
670 2137 754 2191 Naeht
776 2156 832 2191 war
854 2143 896 2192 hei
920 2144 967 2193 den
985 2145 1092 2196 lldmern
1116 2149 1141 2197 in
1165 2153 1185 2202 4

80 2223 82 2226 ’
107 2213 270 2277 navitatem
292 2226 410 2260 summae
434 2210 562 2270 fennenae
579 2225 620 2259 re-
670 2206 857 2259 Nachtwacheu
876 2211 988 2272 getheilt.

110 2281 213 2342 tinea-et,
241 2277 371 2327 inuidiam
389 2283 415 2327 et
432 2278 620 2340 arrogantiam
708 2277 746 2327 10.
765 2279 822 2326 rina
848 2280 970 2328 coniectu
987 2279 1046 2342 teli,
1064 2281 1125 2330 weil
1143 2282 1185 2333 sie

109 2344 249 2409 effugerat.
292 2346 361 2395 Auch
379 2344 426 2401 ist.
456 2358 530 2394 wenu
553 2343 619 2393 heim
671 2341 739 2393 nicht
755 2344 802 2393 ant
816 2342 962 2395 Trelfweite
983 2347 1161 2399 harnnlmrneu.

110 2411 273 2463 uer-mannus
283 2427 338 2461 vom
349 2411 490 2461 Bewnhreu
501 2411 547 2460 der
559 2410 620 2472 glei-
706 2413 744 2461 11.
761 2427 813 2476 pro
824 2415 1000 2463 mercimoniis.
1019 2413 1045 2464 S.
1061 2430 1091 2463 zu
1104 2430 1125 2464 e.
1137 2419 1182 2468 81.

109 2481 170 2529 chen
186 2478 331 2540 Gesinnung
349 2479 389 2528 die
400 2479 542 2528 Rede'seiu
560 2477 615 2536 soll,
704 2473 752 2535 14.
772 2480 810 2529 12.
830 2481 949 2543 quietern.
985 2479 1011 2529 S.
1033 2495 1064 2529 zu
1082 2481 1101 2531 l.
1114 2484 1155 2533 65.

109 2547 202 2597 Scherz
229 2547 279 2596 und
303 2545 380 2596 Ernst
404 2546 446 2596 eiu
472 2546 620 2597 schwncher
705 2545 820 2611 Operari
846 2546 924 2596 heisst
951 2547 1011 2596 'sich
1035 2548 1059 2597 in
1078 2548 1183 2612 Thetig·

109 2613 250 2664 husdruck.
297 2614 329 2662 In
353 2614 398 2663 mit
422 2614 476 2663 dem
496 2615 555 2664 hcc.
575 2614 618 2663 he·
669 2610 722 2661 keil
739 2611 832 2661 setzeu'
850 2613 913 2664 oder
933 2614 1121 2678 ‘inThdligleit
1138 2633 1184 2679 ge·

109 2681 224 2733 aeichuet
241 2680 286 2730 das
304 2681 420 2731 Resultal
438 2682 500 2732 oder
518 2682 558 2731 die
569 2682 619 2732 Ab·
668 2686 735 2729 setzt
751 2679 876 2738 werden’;
906 2688 1043 2746 operatur,
1067 2683 1118 2733 wie
1137 2701 1182 2735 eo-

108 2747 406 2811 sichteiuerHandluug:
428 2755 463 2798 ‘so
477 2749 543 2799 dass’
557 2750 620 2801 oder
670 2751 791 2812 cupatur,
816 2747 849 2796 ‘iu
867 2747 1013 2811 Thdligleit
1030 2750 1180 2811 hehadlich',

111 2813 199 2867 'demit
215 2814 303 2867 Etwas
321 2818 439 2873 eutsteht.
470 2817 522 2867 sich
541 2817 616 2880 zeigt,
669 2813 725 2863 hier
741 2815 791 2864 wie
816 2815 884 2866 diter
905 2817 1079 2878 von'heiliger
1096 2817 1183 2869 Hand-

108 2881 278 2943 ensgcdrdclt
293 2883 374 2933 wiri’.
405 2883 438 2934 So
457 2883 516 2936 lm
536 2887 618 2934 inin·
665 2881 740 2942 lung:
765 2881 837 2931 'heim
850 2881 942 2946 Optcr’,
964 2883 1031 2933 nieht
1051 2886 1183 2938 ‘uaehdern

44 3005 45 3008 ,
108 2953 209 3001 emtum
227 2953 254 2998 et
269 2952 430 3014 ambiguam.
465 2953 617 3002 hluietain
668 2963 698 2998 er
714 2947 842 3012 geoptert’.
884 2947 1032 3012 Pomponius
1056 2950 1090 3010 (h.
1111 2950 1178 3004 Nan.

108 3014 240 3069 &mamae
265 3015 295 3066 ll.
311 3020 326 3069 6
343 3020 372 3068 iu
390 3021 502 3084 speciem
519 3022 617 3067 aeter-
662 3015 715 3073 ,523
729 3013 790 3072 Md:
809 3012 975 3063 AdVenen's
985 3015 1124 3078 prefectus
1139 3028 1185 3072 ost

105 3097 202 3135 aerem.
228 3081 258 3133 G.
268 3086 300 3137 38
312 3088 341 3135 in
352 3085 522 3136 altitudinem
530 3099 614 3148 quan-
664 3094 743 3129 mane
759 3079 863 3129 uetutaa
879 3085 970 3130 uatum
994 3087 1026 3131 ut
1047 3084 1178 3140 solveret:

106 3147 212 3203 damet
230 3155 359 3202 terrorem
372 3181 401 3190 —-
415 3157 556 3203 ornantur.
581 3151 611 3198 Α.
664 3147 783 3195 ittnunc
795 3151 921 3209 operatam
932 3153 976 3198 est.
996 3148 1174 3218 Virchorg.

105 3217 139 3268 35
156 3217 350 3270 Britannorum
368 3223 438 3270 aeter
455 3222 484 3267 in
500 3217 613 3280 meatem
664 3210 683 3263 1.
702 3213 751 3263 339
779 3209 866 3262 Sacra
892 3215 965 3275 refer
984 3215 1075 3268 Cornu
1097 3220 1178 3273 taetra

103 3285 186 3337 amat
194 3300 227 3337 ao
240 3291 369 3337 terrorem
380 3283 535 3343 editior-ttae
548 3281 613 3330 locu
664 3283 790 3343 operatus
821 3281 851 3329 in
883 3282 978 3334 herbis
1024 3285 1100 3353 Prop.
1128 3288 1174 3341 lli.

104 3355 267 3403 constiterat.
297 3352 381 3405 ivan
398 3353 428 3399 tn
444 3338 554 3397 mortem
572 3344 613 3405 af·
664 3346 731 3401 dl'ai
767 3344 867 3401 Trana
896 3353 952 3401 iam
981 3353 1095 3403 redeunt
1127 3359 1175 3406 tte-

102 3417 174 3478 feaa't.
215 3421 248 3471 62
271 3423 300 3469 in
324 3421 436 3467 morum
464 3411 610 3472 amiserat.
662 3426 724 3461 rum
739 3413 869 3467 solemma
880 3420 972 3481 nebu,·
991 3419 1107 3485 Cynthia
1119 3425 1177 3474 tam

101 3483 177 3537 lteo
200 3488 230 3535 tn
246 3496 385 3535 namnum
411 3480 524 3543 logicum
542 3492 611 3527 com·
661 3485 752 3531 noctes
769 3488 809 3532 est
824 3487 1042 3550 operatadecem.
1066 3488 1178 3555 Zuepe·

100 3556 235 3616 paruerat
264 3549 295 3599 ll.
307 3547 368 3597 1:8¹1
387 3548 558 3595 innumeros
576 3544 611 3595 le·
661 3552 752 3608 ratum
769 3550 803 3602 ist
820 3552 888 3602 nicht
904 3569 959 3602 aare
981 3570 1011 3603 zu
1030 3558 1175 3616 ergduzena

98 3620 190 3682 giam
220 3616 410 3677 eompumerat
468 3611 611 3662 Bcsonders
662 3614 879 3684 dasPartiaipium
896 3620 962 3669 steht
979 3620 1176 3685 heiutditgeun

14 3730 18 3743 ,
100 3683 157 3735 dem
174 3679 285 3731 oundm
301 3681 331 3727 in
345 3681 464 3729 animum
481 3694 513 3729 au
526 3679 612 3731 dieser
661 3697 689 3732 sa
708 3683 758 3741 wie
777 3686 823 3734 der
840 3686 918 3736 durch
936 3692 963 3736 et
979 3688 1174 3741 drmitverhun·

100 3746 179 3799 stelle
190 3743 289 3794 rihulich
302 3744 336 3795 ist
344 3744 388 3796 Vl.
399 3748 431 3798 19
449 3761 611 3813 quamquam
661 3749 725 3800 dene
741 3750 857 3801 tanaitiv.

100 3820 146 3859 -.·¹·
159 3809 266 3876 altaque
291 3814 321 3862 tn
350 3812 461 3864 eundern
491 3815 610 3867 dolorem
697 3819 735 3867 15.
760 3821 894 3883 rapientia
918 3824 1030 3887 prouisa
1054 3829 1176 3889 aptaque

96 3881 199 3927 mamta
216 3884 243 3929 et
255 3879 408 3932 miseranda
422 3881 470 3933 diu
481 3882 566 3945 feruet
582 3900 607 3935 n.
659 3885 810 3936 immanenti
822 3900 940 3950 pugnae.
970 3888 997 3939 ln
1015 3889 1062 3941 der
1073 3891 1173 3953 tamen-
