2550 4350
26 264 201 328 vacum)
322 223 947 314 suuxcsssumvisuousm'i.as.·
1118 216 1153 311 s'

77 423 228 497 aceeptus.
269 410 364 474 Verba
386 411 472 478 edicti
492 415 572 476 fuera
592 433 684 496 pauca
706 425 736 479 et
757 432 848 478 sensu
870 415 1075 494 permodesto:
1099 416 1137 481 de

79 499 249 565 honoribus
269 497 403 578 parentis
425 500 638 572 consulturum,
667 519 762 581 neque
783 498 943 562 abscedere
964 518 981 561 a
1003 519 1137 581 corpore,

82 588 174 666 idque
193 601 281 647 uuum
304 582 484 663 eut-publicis
513 585 685 647 muneribus
712 603 865 665 usurpare.
920 582 978 646 Sed
1000 585 1137 650 deiuuoto

87 674 221 751 Augusto·
234 668 353 748 siguum
374 669 529 748 praetoriis
556 668 728 732 cohortibus
754 678 788 731 ut
814 668 974 748 imperator
1002 669 1138 748 dederam

61 755 224 820 uexaubiae
243 771 325 816 arma
346 761 441 815 uetera
463 755 559 829 auiae3
581 753 666 816 miles
689 754 848 827 insonum,
870 753 1008 815 milesio
1030 754 1140 818 auriam

85 839 292 913 comitabamut
320 837 433 900 litteras
454 839 489 901 ad
511 840 657 901 exoratus
679 849 828 919 mmquem
849 839 956 918 adepto
977 838 1143 920 principatu

81 927 173 996 misit,
200 940 347 1003 nusquam
369 923 587 985 cunctabundus
608 923 668 985 nisi
695 943 762 986 cum
784 925 813 986 in
835 931 939 986 senatu
960 923 1140 1003 loqueretur.

80 1012 176 1074 eausa
197 1007 355 1089 praempua
376 1026 412 1069 ex
432 1007 598 1082 formidine,
619 1027 658 1071 no
673 1008 873 1083 Germanicus,
896 1010 926 1071 in
949 1009 1032 1072 ouius
1052 1028 1142 1072 manu

78 1105 126 1159 tot
145 1095 289 1175 legionem
311 1091 450 1155 immensa
473 1092 620 1155 sociorum
642 1094 757 1167 auxilia,
786 1095 880 1156 miuus
902 1094 979 1173 apud
1001 1094 1143 1174 populum

45 1194 73 1245 to
81 1183 183 1253 favor,
217 1177 327 1239 habero
347 1177 501 1258 imperium
533 1197 619 1257 quam
647 1186 818 1259 exspectate
845 1179 952 1241 maliet
995 1179 1088 1242 Dabat
1113 1188 1143 1242 et

82 1269 193 1338 ismae,
227 1270 261 1324 ut
287 1270 406 1325 vocatus
434 1263 602 1344 electusque
630 1264 728 1344 potius
758 1284 774 1325 a
796 1283 829 1325 ue
856 1264 972 1344 publiea
993 1265 1143 1328 uideretur

81 1368 171 1433 quam
198 1366 254 1428 peu
269 1347 414 1427 uxorium
441 1348 580 1410 ambitum
612 1359 641 1411 et
669 1349 755 1411 senili
782 1349 941 1429 adoptione
968 1349 1142 1431 inrepsisse.

55 1504 59 1509 ,
80 1435 191 1499 Postea
219 1431 368 1512 cognitum
396 1441 440 1495 est
466 1434 503 1496 ad
529 1432 774 1515 introspiciendas
802 1434 888 1496 etiam
909 1452 1064 1513 procerum
1085 1454 1142 1497 voe

81 1520 213 1582 luntates
235 1517 382 1579 inductam
404 1517 629 1581 dubitationem:
654 1538 720 1581 uam
742 1520 841 1594 verbo,
864 1520 959 1581 vultus
981 1519 1138 1583 inanimem

47 1606 268 1683 indetorqueus
289 1602 489 1664 recondebat.

149 1687 245 1757 ‚Nihil
266 1685 362 1766 primo
385 1697 502 1749 sanatus
525 1687 572 1749 die
593 1688 638 1769 ogi
659 1707 768 1769 passus
792 1700 836 1750 est
858 1689 916 1750 nisi
938 1687 975 1750 de
996 1689 1175 1768 supremos

87 1773 224 1853 Augmti3
261 1771 344 1835 euius
375 1781 598 1847 testamentum,
634 1772 755 1835 inlatum
787 1792 840 1852 pes
872 1772 1001 1852 virgines
1031 1770 1144 1849 Vestae,

91 1858 240 1921 Tiberium
268 1865 298 1919 et
322 1856 433 1920 Liviam
460 1857 586 1919 heredes
613 1857 729 1918 habuit:
763 1856 844 1917 Livia
872 1857 902 1917 in
928 1857 1065 1919 familiam
1093 1859 1144 1941 lu-

86 1943 156 2007 liam
176 1961 344 2022 nomenque
364 1943 524 2023 Augustum
546 1940 766 2004 adsumebatur.
813 1941 847 2000 ln
875 1959 959 2020 spem
987 1943 1146 2004 secundam

118 2080 144 2131 3.
163 2077 515 2145 idumaeum—mutuare.
532 2075 591 2128 Seia
642 2074 705 2127 aber
722 2073 895 2137 notbwendig.
922 2073 983 2124 weil
1004 2089 1061 2124 maa
1079 2083 1149 2127 soust

84 2144 239 2198 Verbioibeu
257 2146 306 2196 und
318 2145 388 2196 seiue
397 2143 540 2208 Tbitigkeit
550 2144 592 2195 bei
642 2144 704 2194 uueb
719 2158 816 2210 possus
833 2142 895 2193 uoob
913 2142 954 2192 ain
966 2141 1077 2193 Verbum
1094 2143 1149 2194 flui-

84 2214 133 2266 ἀοι·
146 2213 240 2265 Loiube
257 2228 313 2264 war
330 2214 370 2264 ein
385 2212 520 2278 publioum
535 2228 592 2264 mu·
642 2219 693 2262 tum
711 2218 837 2263 euwuuteu
865 2211 914 2262 und
938 2219 992 2262 eust
1014 2212 1090 2262 duuob
1109 2227 1151 2263 er·

84 2297 145 2348 nota,
163 2282 196 2332 tio
214 2281 255 2331 die
266 2281 424 2344 Bowubnuuu
434 2281 481 2331 und
495 2280 593 2332 Restm·
643 2288 731 2331 nautes
741 2279 823 2330 Laseu
838 2281 964 2331 erbenuen
982 2280 1071 2332 wuirdu
1090 2279 1149 2333 dass

87 2358 150 2413 tuas
172 2350 220 2400 der
243 2349 410 2402 kaisauiiabeu
427 2348 518 2400 Leiobe
535 2350 592 2400 ‹lam
642 2354 682 2399 est
698 2350 802 2412 erginzt
820 2349 923 2400 werden
939 2348 1011 2400 solie.
1073 2348 1075 2352 ⁴

86 2419 164 2471 Sunt
178 2417 261 2480 oblug.
678 2419 718 2469 17.
738 2418 857 2482 uirgines
868 2416 969 2469 Vestae.
983 2416 1148 2469 ‚Testamenta

121 2490 146 2539 4.
166 2489 281 2551 signum,
305 2486 353 2537 ‘alie
370 2485 476 2538 Pauole‘.
513 2484 540 2536 S.
560 2501 591 2536 zu
643 2485 692 2536 uod
710 2485 972 2545 andaueDoeumente‚
994 2485 1087 2537 Geideu
1100 2486 1150 2537 uad

87 2553 160 2606 xlss.
180 2555 205 2606 2.
641 2552 837 2604 Kasthankeiteu
854 2554 959 2604 wurdeu
977 2552 1001 2602 iu
1019 2552 1146 2621 Tempsin,

124 2624 150 2673 b.
177 2620 255 2673 aulus
282 2634 367 2671 waren
391 2619 432 2671 elis
458 2621 502 2671 des
520 2621 589 2679 Hois.
644 2622 692 2672 und
710 2621 735 2670 iu
753 2620 816 2671 Rom
833 2620 969 2671 besouders
988 2620 1013 2670 in
1031 2622 1086 2671 dem
1104 2623 1151 2672 deu·

93 2689 155 2740 ‘wia
171 2684 209 2739 aaa
224 2686 375 2739 Kaiserbot'.
419 2688 504 2740 Ama
529 2689 594 2740 stebt
643 2689 721 2740 Vostu
738 2687 862 2754 dopouiut.

90 2757 136 2809 ffit’
152 2754 278 2808 mutuno.
681 2757 720 2807 18.
741 2754 848 2804 horodes
865 2754 963 2804 boissen
979 2752 1077 2802 einiaoh
1089 2752 1147 2806 Tib.

127 2822 595 2885 1⁰.DabutetfoanaeobueBezeiob·
646 2823 693 2872 und
711 2820 799 2878 Livia,
827 2819 925 2870 obwobl
951 2820 1002 2876 sie,
1028 2820 1079 2872 wie
1104 2822 1150 2874 das

86 2908 157 2956 uuus
169 2893 213 2944 des
224 2892 335 2957 Objeots,
355 2891 405 2942 wie
422 2892 472 2943 wia·
492 2890 594 2954 ‘ergab
645 2889 713 2952 uon.
731 2889 807 2952 zeigt.
829 2888 936 2939 heredes
949 2890 1035 2955 primi
1051 2905 1145 2950 waren,

86 2962 136 3013 eui
162 2960 211 3012 deu
233 2959 306 3010 uot’.
352 2959 450 3010 Ebeuso
481 2961 596 3011 tribuere
644 2957 705 3010 weil
722 2957 769 3008 oui
782 2956 875 3008 sienis
894 2957 1150 3011 diewiukliobeubiu·

90 3028 271 3093 'Wiebtigkeit
286 3026 405 3091 boilegeu’
423 3029 463 3079 bei
475 3027 548 3080 Caes.
564 3028 596 3079 de
644 3027 692 3079 beu
711 3027 845 3090 gereobuet
860 3041 918 3077 svau
934 3026 982 3076 und
994 3026 1032 3077 sie
1050 3027 1087 3078 uls
1100 3027 1149 3080 sol-

87 3098 114 3150 b.
134 3096 200 3150 Gaii.
222 3094 241 3146 l.
264 3097 302 3154 ts,
321 3098 337 3147 5
354 3111 388 3146 ue
402 3112 467 3147 suaa
482 3112 592 3162 magno-
642 3097 687 3147 obe
705 3095 841 3146 eiutaatea.

84 3182 152 3233 pm
168 3167 266 3216 masau
277 3164 410 3229 babuerat,
424 3165 472 3214 und
483 3164 594 3228 ‘guinilis
676 3167 705 3214 in
722 3163 854 3226 familiam
864 3163 967 3213 Italiam.
985 3162 1051 3216 Veli.
1064 3163 1095 3216 lt.
1105 3169 1146 3226 75,

87 3233 150 3287 seiu’
175 3231 218 3283 bai
243 3231 295 3283 Cio.
317 3232 348 3281 ad
366 3232 425 3282 fam.
444 3232 512 3283 Xlll.
532 3236 555 3294 9,
577 3235 593 3286 2
643 3230 756 3284 Minio
770 3260 799 3269 —
812 3247 891 3296 quam
905 3236 998 3296 postea
1010 3234 1150 3300 coniugem

87 3316 151 3353 oum
170 3291 297 3351 universo
324 3299 414 3350 ordint
439 3301 593 3367 publicano·
642 3300 761 3364 Augusti
770 3297 977 3364 oidimm‚quam
990 3304 1152 3366 transgressi
1238 3311 1241 3315 ’

88 3384 151 3421 nna
177 3383 280 3435 seraper
312 3366 479 3419 libentmsime
512 3371 593 3420 tribu·
644 3366 681 3418 nd
697 3367 758 3418 deos
775 3366 936 3418 sacerdotem
957 3383 989 3418 ao
1005 3367 1131 3429 filium.

90 3439 165 3488 eniam
230 3474 234 3481 -
680 3437 717 3487 19.
736 3434 893 3499 Augaomm,
917 3434 967 3487 wie
984 3451 1007 3487 e.
1024 3438 1055 3489 53
1079 3436 1150 3488 Sem·

126 3508 166 3558 14.
187 3500 331 3554 Montana
357 3503 403 3554 me
417 3503 545 3570 Matapbeu·
562 3504 596 3555 ist
642 3505 770 3569 pannium
799 3518 906 3567 nomen,
936 3502 967 3554 ΙΙ.
987 3506 1019 3556 52
1036 3504 1151 3554 Furium

91 3587 139 3622 vou
157 3573 204 3624 deu·
221 3571 307 3622 nunna
323 3572 445 3629 eutiebot.
473 3573 523 3621 wie
540 3586 595 3623 mau
645 3585 746 3621 nomen.
775 3569 935 3622 Gewiibaiiob
952 3571 1011 3622 liest
1027 3569 1150 3620 maudu-

90 3637 599 3772 natumnatum
643 3637 1148 3772 bttuattutttttmttt

94 3780 170 3827 team
188 3773 357 3838 oonnwtndo,
374 3780 474 3841 quanta
491 3777 597 3827 euobis
646 3791 689 3826 sen
713 3773 791 3826 Name
815 3775 894 3826 uiobt:
918 3774 957 3823 sie
981 3772 1071 3820 kounte
1096 3772 1149 3825 also

92 3842 241 3909 induamur,
259 3857 313 3892 nou
330 3848 394 3893 erut
646 3842 714 3894 uiobt
729 3844 753 3893 iu
764 3843 805 3893 ibn
822 3843 1065 3904 ausgeuommeu
1084 3857 1152 3895 wen-

128 3906 160 3970 8.
180 3912 218 3964 16.
238 3914 278 3961 est
294 3909 355 3961 sebit
371 3910 397 3960 iu
414 3911 459 3963 der
472 3911 542 3971 ltus..
563 3912 597 3963 ist
647 3910 703 3961 deu.
