2550 4350
87 244 217 310 aenan
322 197 534 297 ae'nxenssu
552 201 621 297 mvi
640 243 781 297 sucusrr
798 243 830 295 u.
850 248 891 298 u.
907 248 949 299 aa.
1099 237 1159 301 107

87 399 173 460 tibus
196 398 275 459 baud
296 415 473 478 prosperum
496 399 526 458 in
549 398 662 470 Druso,
691 407 774 478 patre
802 398 883 468 eins,
912 399 1042 461 levorem
1070 402 1158 484 vulgi,

87 483 266 545 avunculum
290 483 422 543 eiusdem
437 483 606 544 Marcellum
628 483 818 560 flagrantibus
839 482 936 562 plebis
959 483 1065 544 studiis
1080 486 1157 550 iutra

87 568 239 628 iuventam
262 576 412 645 ereptum:
441 567 545 628 breves
559 575 601 650 ⁸et
623 564 771 629 infaustos
799 567 902 646 populi
924 567 1049 628 Romani
1072 588 1157 631 amo·

84 670 147 713 res.
193 651 332 713 Ceterum
353 649 492 712 Tiberius
513 652 634 711 nomine
657 650 829 712 Germanici.
845 660 982 713 trecenos
1003 651 1082 730 plebi
1105 662 1211 723 se·42

61 735 212 798 osterlios
235 734 344 796 viritim
358 735 447 799 ,dedit
461 753 552 812 seque
567 735 709 812 collegam
725 735 890 797 consulatui
908 735 971 797 eins
988 736 1156 801 destinavit.

86 820 149 881 Nec
170 820 238 880 ideo
261 819 396 880 sincerae
418 818 547 879 caritatis
575 815 664 879 fidem
692 819 849 880 adsecutus
877 820 992 880 amoliri
1021 821 1157 885 iuvenem

84 901 186 983 specie
208 904 335 964 honoris
358 903 461 964 statuit
484 902 650 981 struxitque
672 921 775 964 causas
799 912 850 965 ant
871 906 947 964 lorte
968 905 1081 966 oblatas
1104 926 1155 968 ar-

84 987 190 1067 ripnit.
240 987 303 1048 Rex
329 986 490 1048 Archelaus
525 987 800 1066 quinquagesimum
834 1006 944 1049 annum
969 989 1157 1068 Cappadocia
1219 1050 1221 1053 .

82 1071 272 1150 potiebatur,
293 1070 408 1132 invisus
431 1071 584 1143 Tiberio‚·
605 1072 684 1149 quod
707 1090 774 1133 eum
796 1072 894 1134 Rhodi
916 1081 1050 1151 agentern
1073 1077 1155 1138 nullo

46 1156 189 1218 tootbcio
213 1154 363 1216 coluisset.
407 1154 469 1215 Nec
489 1154 519 1215 id
541 1155 702 1217 Archelaus
729 1174 783 1235 per
811 1156 987 1237 superbiam
1003 1159 1157 1234 omiserat,

84 1239 138 1301 sed
164 1239 201 1299 ab
224 1239 336 1300 intimis
350 1239 475 1319 Augusti
491 1239 630 1309 monitus,
654 1240 720 1319 quia
741 1241 867 1302 florente
883 1243 914 1303 C.
931 1243 1057 1304 Caesare
1079 1245 1156 1306 mis.-

84 1341 181 1402 soque
204 1323 313 1384 adres
337 1322 468 1385 Orientis
490 1324 584 1384 intuta
607 1324 718 1386 'liberii
742 1325 867 1387 amicitia
891 1328 1073 1389 credebatur.
1116 1328 1156 1390 Ut

82 1425 171 1470 versa
194 1407 354 1468 Caesarum
377 1406 482 1468 snbole
509 1408 665 1488 imperium
694 1410 817 1489 adeptus
845 1421 907 1482 est,
942 1412 1019 1474 elicit
1040 1413 1153 1475 Arche·
1188 1414 1190 1419 ⁸

81 1491 163 1553 laum
187 1492 289 1553 metris
310 1490 435 1563 litteris,
464 1510 538 1570 quae
561 1512 621 1553 non
643 1494 837 1556 dissimulatis
859 1495 912 1555 lilii
934 1492 1153 1559 offensidnibus

46 1575 272 1637 inclementiam
296 1574 455 1648 offerebat,
478 1577 504 1637 si
527 1576 563 1637 ad
585 1579 766 1656 precandum
788 1579 911 1640 veniret.
956 1580 1008 1641 llle
1029 1581 1153 1660 ignarus

82 1660 144 1720 doli
174 1659 237 1732 rel,
272 1658 298 1720 si
321 1659 491 1738 intellegere
521 1662 707 1734 crederetur,
740 1663 797 1722 vim
826 1672 963 1725 metuens
990 1664 1020 1724 in
1048 1667 1153 1727 urbem

80 1750 234 1824 properat,
258 1751 458 1822 exceptusque
479 1743 583 1804 immiti
608 1764 624 1805 a
645 1745 780 1824 principe
801 1754 831 1805 et
853 1765 922 1806 mox
944 1757 1099 1810 accusatus
1121 1751 1152 1810 in

81 1836 204 1902 senatu,
226 1845 287 1888 non
310 1827 349 1888 ob
372 1827 495 1889 crimina
517 1846 591 1905 quae
615 1827 816 1906 fingebantur,
839 1839 885 1890 set
906 1849 1033 1908 angore,
1063 1833 1152 1896 simul

80 1913 181 1973 lessus
210 1911 295 1973 senio
324 1920 354 1971 et
381 1912 447 1990 quia
477 1911 597 1990 regibus
625 1931 735 1990 aeque,
769 1916 875 1973 nedum
906 1913 1005 1974 infima
1032 1915 1153 1977 insolita

41 1995 169 2069 nsunt,
204 1997 293 2056 linem
316 1995 392 2056 ritae
414 2002 523 2075 sponte
545 2014 581 2056 an
604 1996 664 2057 lato
688 1996 828 2074 implevit.
867 1996 1002 2083 Regnum
1024 1999 1054 2058 iu
1076 2016 1150 2077 pro-

81 2079 208 2141 vinciam
230 2079 381 2141 redactum
404 2088 467 2152 est,
497 2079 701 2158 fructibusque
730 2081 795 2141 eius
816 2079 912 2142 'levari
933 2099 1026 2160 posse
1048 2093 1160 2144 cente--

80 2165 175 2226 simae
203 2164 325 2241 vectigal
354 2166 511 2242 professus
540 2164 648 2226 Caesar
676 2165 907 2227 ducentesimam
936 2165 967 2227 in
994 2176 1151 2246 posterum

80 2249 194 2310 statuit.
227 2249 286 2309 Per
308 2247 387 2308 idem
409 2256 526 2326 tempus
547 2249 692 2311 Antiocho
710 2250 985 2330 Commagenam,
1008 2252 1150 2332 Philopa-

81 2342 148 2393 tore
164 2331 285 2393 Cilicum
308 2332 429 2410 regibus
452 2333 597 2395 defunctis
621 2334 814 2396 turbabantur
830 2337 976 2408 nationes,
999 2337 1151 2416 plerisque

40 2418 266 2491 cenomanum,
293 2416 358 2477 aliis
380 2416 493 2495 regium
516 2418 672 2497 imperium
701 2420 909 2499 cupientibus3·
934 2430 964 2481 et
983 2423 1168 2500 provinciae*

75 2599 135 2642 sus,
164 2582 244 2646 Gojus
261 2581 409 2646 (Caligula),
439 2585 586 2650 Agrippina,
641 2583 777 2649 Pbrygiae
794 2603 837 2635 rea
853 2592 955 2636 uertere
971 2587 1057 2646 fundo
1071 2591 1153 2639 Cona-

73 2649 206 2703 llrusilla..
236 2649 307 2700 Suet.
327 2649 382 2700 Cal.
403 2654 427 2702 7.
640 2654 720 2699 mur?
755 2651 1154 2716 xl.26teerroaqu01²eaaoe

110 2720 133 2770 2.
170 2717 332 2767 uounmtlum
365 2717 481 2768 eiusdem
504 2716 587 2768 Mane.
640 2715 781 2767 Idomenei.
817 2717 865 2766 llllt
883 2716 1025 2767 Caesarum
1047 2720 1151 2769 suboles

75 2784 102 2835 S.
123 2784 143 2834 l.
159 2786 184 2836 3.
197 2787 236 2836 to.
247 2786 290 2836 42.
640 2783 695 2833 sind
715 2783 742 2834 C.
757 2784 805 2832 und
820 2782 849 2832 L.
861 2783 1091 2848 Caesarssemeint.
1121 2786 1149 2836 S.

108 2848 159 2909 42.
178 2853 461 2917 &quinquagesimum
479 2865 588 2915 annum,
640 2849 659 2900 l.
673 2852 706 2901 3.

74 2921 108 2970 im
124 2918 148 2969 J.
167 2919 303 2975 ituci..
330 2921 377 2970 aui
397 2919 506 2970 welches
523 2916 586 2968 Tac.
673 2920 713 2969 20.
731 2916 1094 2982 Regnum-redaoutmest
1114 2919 1150 2971 Ee

72 2988 131 3038 bier
147 2986 310 3049 zurdclrgebt‚
331 2987 381 3038 wie
399 2988 445 3037 das
462 2986 589 3047 l'olgende
639 2986 727 3036 wurde
752 2988 798 3036 'der
815 2984 948 3037 llescblues
971 2987 1068 3048 gelaret
1091 2988 1153 3039 dass

73 3055 156 3118 zeigt:
192 3051 282 3106 Ut-
306 3056 449 3119 imperinm
474 3054 588 3119 adeptus
639 3069 666 3103 es
684 3053 791 3104 Provinz
809 3054 855 3104 sei.
886 3053 1109 3119 DicAusldbrnng
1126 3063 1149 3107 s'.

73 3127 119 3171 esi.
144 3120 182 3170 llr
199 3120 290 3171 erbielt
307 3121 360 3171 sein
369 3121 441 3172 Laud
461 3123 494 3173 36
503 3137 527 3171 v.
540 3120 585 3171 Cb.
638 3128 714 3171 auten
732 3137 753 3171 c.
767 3123 808 3174 56.

72 3204 122 3238 νου
140 3188 272 3238 Antonius.
311 3189 358 3239 llio
375 3188 472 3240 xtlx.
481 3191 523 3241 32.
673 3191 711 3240 21.
733 3192 889 3240 centesimae
911 3189 1034 3254 vectigal.
1070 3191 1096 3241 S.
1117 3207 1152 3241 ao

106 3258 131 3308 9.
150 3253 386 3320 Rbodiagentm
418 3255 444 3307 S.
465 3255 567 3308 auli.
638 3255 714 3308 Lib.

108 3325 147 3374 11.
153 3323 279 3387 ‚stigma
298 3322 323 3375 0.
344 3322 457 3374 Caesare
473 3339 497 3373 u.
513 3340 534 3373 s.
549 3339 583 3374 w.
671 3325 711 3375 24.
723 3323 843 3373 Cilicum.
863 3322 1072 3390 Pbilopatorwar
1082 3325 1151 3377 oicbt

74 3388 180 3442 s.1.3.
201 3389 270 3442 ll-A.
472 3417 475 3424 ·
636 3390 719 3452 Kdoig
742 3406 790 3439 von
809 3405 873 3451 ganz
892 3390 1009 3449 Ciliciam
1040 3392 1149 3441 sonderu

108 3459 246 3520 iduma,
261 3455 597 3520 wiegenrriibnlicbcrever·¹
636 3473 685 3508 nur
715 3457 786 3506 einer
814 3456 913 3507 lleiueu
942 3458 1091 3509 Herrscball
1115 3456 1150 3507 im

70 3538 112 3589 sa,
130 3523 276 3576 litiano.
296 3523 353 3575 Xll.
363 3527 405 3576 45.
432 3524 504 3587 Virg.
520 3526 583 3574 Aen.
635 3527 760 3575 Amanus:
782 3524 827 3574 das
837 3524 944 3587 Uebrige
960 3526 1063 3586 gebdrtc
1074 3524 1151 3575 tbeils

71 3590 92 3641 l.
108 3593 140 3644 20
163 3591 323 3657 Progeniem
345 3619 380 3631 -
401 3589 498 3658 Tyriae
524 3591 588 3642 olim
637 3593 732 3642 andern
750 3591 872 3654 llduigen
896 3592 971 3643 tbeils
989 3605 1089 3642 wareo
1107 3592 1149 3640 rd-

71 3673 141 3723 quae
158 3663 275 3709 certem
291 3674 372 3712 aroer.
401 3659 431 3710 V.
442 3661 492 3712 eto
510 3673 588 3724 cupe-
606 3703 611 3709 .
636 3660 730 3710 miscbe
740 3658 848 3709 Provinz
864 3660 1000 3714 undzwar.
1022 3657 1071 3706 wie
1081 3672 1103 3706 c.
1115 3660 1151 3710 78>

25 3786 29 3791 .
71 3741 128 3776 rem
145 3741 207 3777 aum
224 3732 327 3777 aerim
354 3727 388 3777 ab
404 3729 458 3777 imo
477 3725 587 3778 Structo
638 3743 663 3777 u.
673 3729 705 3779 80
718 3727 804 3789 zeigcn
818 3727 878 3792 (vgl.
888 3724 969 3776 zalll.
980 3726 1031 3781 48),
1052 3723 1152 3775 (lamule

71 3796 136 3844 meis
167 3795 293 3844 montom
319 3796 447 3859 periurae
481 3796 587 3845 moenia
637 3795 682 3845 nait
690 3794 782 3861 Syrien
791 3793 923 3854 vereinigt,
934 3791 1148 3856 eratspaterwie-
1254 3830 1258 3837 .

74 3859 179 3912 Troiae.
222 3860 257 3912 X.
273 3862 306 3914 88
323 3859 414 3914 Nosne
432 3863 481 3914 tibi
495 3863 587 3924 lineae
638 3863 684 3912 der
696 3861 834 3912 besouders
851 3859 987 3911 verwallet
1003 3857 1082 3924 (Xlll.
1092 3860 1148 3923 33).
