2550 4350
17 368 21 381 ¹
119 289 178 353 168
288 250 291 264 ἱ
374 322 381 335 ¹
502 295 659 350 conuulsi
671 295 787 350 ’110111
991 300 1183 365 (smannens

116 455 293 517 decernitur.
337 453 584 531 Decernaturqne,
619 460 648 512 et
669 462 788 514 maneat
808 450 1049 531 provincialibus
1074 466 1181 535 poten·

116 539 188 600 uam
209 556 292 599 suam
314 538 366 598 tali
386 538 475 598 modo
499 537 685 598 ostentandi:
718 537 771 598 sed
794 535 857 597 laus
877 535 955 597 lalsa
978 546 1012 598 ot
1033 541 1178 619 precibus

116 642 256 703 expressa
283 622 407 701 perinde
429 622 604 683 cohibeatur
626 640 713 701 quam
737 620 858 692 malitia,
887 640 976 700 quam
1001 625 1178 690 erudelitas.

115 707 204 771 Plura
232 724 323 786 saepe
348 717 510 786 peccantur
539 707 607 767 dum
630 707 816 767 demeremur
839 724 925 784 quam
949 705 1024 767 dum
1047 711 1178 773 offendi·

117 805 203 853 mus:
216 791 365 865 Quaedam
388 791 478 852 immo
500 791 623 852 virtutes
645 791 713 851 odio
737 798 814 862 sunt,
842 791 986 851 severitas
1012 792 1196 875 obstinatat

117 876 241 938 invictus
265 877 419 937 adversum
442 876 563 954 gratiam
587 874 713 936 animus.
743 875 814 935 lude
837 874 920 935 initia
944 876 1176 953 magistratuum

118 970 287 1022 nostrorum
315 960 437 1023 meliora
466 963 568 1033 ferme,
596 970 626 1021 et
652 959 720 1020 finis
743 958 874 1032 inclinat,
904 960 975 1020 dum
998 961 1032 1022 in
1054 964 1175 1026 modum

14 1040 19 1045 ”
117 1046 339 1107 candidatorum
362 1046 502 1124 suffragia
523 1043 744 1123 conquirimns3
773 1043 895 1122 quaesi
917 1055 1099 1121 arceantur,
1130 1068 1175 1110 aa·

118 1130 265 1209 quabilius
299 1140 386 1210 atque
423 1129 607 1192 consuntitis
637 1128 809 1207 provinciae
840 1137 991 1206 regentur.
1037 1132 1117 1194 Nam
1146 1142 1176 1195 nt

117 1224 197 1275 metu
225 1216 455 1293 repetundarum
482 1215 605 1276 infracta
636 1213 758 1273 avaritie
789 1223 843 1287 est,
872 1212 912 1274 ita
941 1215 1034 1275 vetita
1062 1219 1172 1293 gratia·
1181 1229 1202 1278 tt

65 1302 182 1363 22rum
210 1300 326 1373 actione
356 1298 476 1360 ambitio
505 1296 699 1359 cohibebitur.
741 1297 845 1372 Magno
869 1299 1000 1359 adsensu
1024 1301 1175 1365 celebrata

118 1384 272 1445 sententia.
307 1383 373 1444 Non
402 1393 500 1443 tamen
522 1389 642 1443 senatus
665 1381 833 1442 consultum
856 1382 960 1461 perfici
982 1385 1095 1461 potuit,
1127 1389 1174 1448 ab·

117 1467 275 1529 nuentibu's
305 1466 477 1529 consulibus
505 1485 539 1527 ea
561 1467 598 1527 de
619 1485 652 1526 re
674 1465 809 1527 relatum.
853 1468 919 1527 Mox
942 1477 1067 1532 auctore
1092 1473 1173 1550 prin·

118 1553 184 1631 cipe
206 1570 337 1626 sanxere,
369 1570 408 1612 ne
430 1551 497 1630 quis
520 1551 556 1612 ad
578 1550 738 1612 concilium
760 1552 910 1612 sociorum
932 1553 1064 1616 referret
1085 1575 1174 1633 agen-

119 1638 171 1698 das
199 1638 275 1716 apud
305 1646 438 1699 senatum
466 1636 709 1715 propraetoribus
739 1655 829 1716 prove
861 1637 1038 1700 consulibus
1062 1650 1204 1718 gratestt

116 1740 177 1783 ueu
198 1722 264 1801 quis
287 1741 319 1783 ea
341 1721 489 1800 legatione
511 1723 691 1799 fungeretur.
1081 1772 1083 1776 Α

201 1806 298 1867 Isdem
326 1806 499 1868 consulibus
523 1806 703 1884 gymnasium
726 1804 787 1866 ictu
809 1804 941 1864 fulminis
965 1809 1170 1887 conflagravit,

99 1890 290 1970 effigiesque
312 1891 343 1951 in
365 1911 400 1951 eo
422 1890 548 1950 Neronis
570 1891 607 1952 ad
629 1890 756 1951 inlorrne
773 1907 823 1949 aas
839 1889 1011 1967 liquefacta.
1036 1894 1075 1953 Et
1091 1903 1170 1954 motu

117 1986 211 2037 terrae
240 1974 355 2036 celebre
378 1974 556 2053 Campaniae
583 1974 725 2053 oppidum
747 1973 871 2052 Pompei
900 1991 1007 2051 magna
1032 1997 1068 2038 ex
1089 1986 1171 2057 parto

117 2059 241 2139 proruit
285 2060 487 2136 Defunctaque
514 2058 596 2135 virgo
619 2058 744 2121 Vestalis
767 2058 877 2132 Laelia,
906 2058 938 2118 in
961 2060 1050 2122 cuius
1072 2063 1201 2124 locumtt

119 2143 254 2205 Cornelia
278 2163 312 2204 ex
330 2143 445 2204 >familia
468 2143 627 2205 Cossorum
651 2151 736 2222 capta
760 2151 814 2203 est.

65 2228 105 2290 23
199 2228 336 2288 Memmio
358 2227 468 2305 Regulo
492 2238 522 2288 et
542 2227 678 2303 Verginio
700 2227 776 2288 llulo
800 2226 983 2290 consulibus·
995 2239 1099 2293 natam
1114 2232 1168 2294 sibi

149 2442 172 2491 1.
198 2441 404 2506 decernaturque
430 2442 487 2491 ‘und
510 2443 546 2492 sio
564 2443 614 2504 (dio
665 2441 785 2493 Lateiner
804 2443 943 2511 Composita
960 2446 1010 2496 wie
1027 2447 1172 2514 proconsul

114 2506 235 2572 Anllage)
252 2525 308 2573 mag
326 2509 612 2562 bescblcssenwerdan‘.
665 2510 692 2560 in'
708 2512 773 2561 zwei
790 2512 900 2564 Worten
919 2513 1061 2566 sobrieben.

115 2575 196 2626 Ueber
219 2577 265 2628 den
290 2578 389 2629 Genitiv
411 2579 562 2630 ostentandi
584 2597 615 2631 an
700 2583 739 2632 11.
758 2584 936 2647 gymnasium.
956 2581 982 2631 S.
1002 2581 1076 2634 XlV.
1095 2589 1138 2638 41.

114 2642 182 2695 Χ111.
203 2649 244 2699 26.
701 2651 741 2700 19.
768 2649 876 2714 Pompei
894 2649 934 2698 161
950 2649 1079 2716 Pompeii
1116 2653 1170 2703 llin-

148 2732 172 2783 8,
199 2731 258 2783 3an
281 2731 336 2784 cat,
357 2735 372 2784 2
395 2735 558 2800 aequabilius
576 2739 615 2784 at,
665 2716 749 2766 laches
768 2719 779 2765 c'
795 2717 860 2767 wird
879 2715 960 2780 ldrja'
986 2719 1066 2779 (nicht
1085 2721 1127 2770 lin·
1143 2722 1169 2782 a]

115 2814 165 2865 qne
182 2804 343 2853 constantias
359 2818 413 2852 aeae
430 2804 615 2853 reclamanae
665 2785 727 2834 ”⁰⁰¹¹
759 2784 795 2863 1¹¹¹·
817 2782 888 2863 N⁰¹¹!·
918 2783 987 2863 Plur-
1021 2787 1167 2848 gebrtflsshl·

116 2868 246 2920 haberent,
665 2852 747 2902 Ueber
771 2853 811 2902 dre
835 2852 891 2902 Zert
914 2853 998 2903 dieses
1022 2854 1169 2906 Erdbebcns

149 2957 199 3016 22.
782 2919 1171 3051 Τ.

665 3055 747 3117 natea,
779 3056 820 3104 dia
849 3058 988 3122 spatestens
1013 3049 1047 3107 in'r
1072 3060 1171 3122 balans

666 3123 710 3170 des
727 3122 749 3171 J.
770 3125 904 3175 656611.
925 3125 1090 3186 gesobricben
1118 3127 1170 3178 sein

665 3188 769 3248 idoneo,
790 3197 891 3242 aetates
901 3192 939 3242 ins
949 3191 1066 3254 folgende
1076 3214 1082 3244 :
1103 3194 1146 3246 Vl.
1158 3197 1170 3246 1

665 3257 814 3322 Pompeios,
850 3260 973 3310 celebrent
1008 3259 1172 3328 Campaniae

665 3326 763 3390 arban,
782 3329 926 3378 concedisse
944 3333 1170 3382 amnemamne-

666 3393 784 3444 divimaa.
802 3393 887 3446 Nonae
893 3395 1048 3446 Febmara’ta
1060 3399 1103 3448 bio
1116 3396 1172 3460 licit

664 3466 750 3579 potus
766 3461 867 3528 Regulo
886 3469 911 3513 at
928 3462 1058 3528 Verginio
1078 3481 1171 3517 eoncu-

676 3532 740 3581 itae.

151 3597 190 3646 15.
213 3600 399 3660 propraetores
422 3595 481 3646 sind
494 3595 534 3646 die
552 3595 615 3648 Ver-
698 3594 751 3654 23.
771 3599 810 3648 22.
831 3597 901 3647 Grut.
924 3600 995 3657 1006.
1014 3602 1044 3651 5:
1065 3599 1097 3650 L.
1105 3600 1172 3653 Vea-

115 3661 206 3713 walter
222 3661 267 3715 der
283 3663 447 3715 kaiserlicbeu
464 3663 611 3720 Provin'aen
662 3668 738 3731 ginta
750 3663 819 3726 linfa
834 3663 988 3716 &Metennio
998 3664 1102 3732 llaoeulo
1117 3685 1170 3720 coe.

117 3728 247 3794 cigcutlieli
266 3731 558 3797 tegatipropraetms
573 3730 613 3779 die
663 3732 719 3794 Vgl.
739 3731 802 3781 Mur.
823 3734 879 3791 305,
902 3735 926 3785 3.
951 3732 1035 3784 Ueber
1051 3733 1172 3802 Regulus

115 3796 615 3864 VcrwalterderSenatsprovinzenbier·
663 3814 694 3848 zu
712 3797 743 3848 V.
766 3801 809 3856 tl;
840 3799 903 3850 tiber
925 3801 1071 3866 Verginiae
1096 3804 1126 3855 ll.
1148 3804 1168 3855 1.
1192 3800 1196 3809 '

116 3880 161 3916 sen
178 3865 226 3917 alle
239 3866 416 3932 proconsules.
436 3863 462 3913 S.
482 3861 549 3912 aul.
570 3865 611 3916 14.
664 3867 687 3916 8.
708 3867 732 3917 9.
752 3867 792 3916 51.
813 3867 854 3918 11.
882 3868 913 3918 ll.
932 3872 975 3921 49.
995 3872 1037 3921 61.
1058 3873 1101 3924 68.
1123 3871 1169 3924 lll.

116 3931 156 3983 Va
171 3933 205 3983 ist
220 3946 252 3982 an
266 3948 317 4000 pro
336 3932 480 3999 angebdngt,
500 3929 560 3983 weil
573 3931 613 3982 dic
664 3934 704 3985 62.
723 3931 766 3985 IV.
788 3935 826 3986 17.
846 3933 929 3989 Ueber
946 3941 972 3989 et
987 3953 1019 3988 nu
1035 3936 1081 3992 lV.
1098 3941 1142 3994 68.

115 3025 156 3077 lll.
177 3030 210 3080 34
224 3030 315 3093 plnres
332 3031 514 3093 obturbabant,
533 3044 616 3094 neque

115 3093 228 3144 relatam
251 3096 282 3144 da
304 3098 510 3160 negationeque
529 3095 616 3146 Caeci-

114 3175 179 3221 nam
195 3160 303 3224 dignam
321 3166 410 3211 tantae
421 3164 462 3211 aaa·
476 3177 614 3212 canaonem.

115 3224 164 3276 uin
180 3226 311 3286 Bescbluss
330 3228 419 3296 beaute
438 3244 484 3279 nur
502 3229 563 3280 ther
580 3229 616 3280 ei-

115 3309 163 3344 nen
191 3293 349 3357 Gegcnstand
379 3296 475 3357 gelasse
502 3298 613 3358 werden,

115 3363 163 3413 den
181 3362 221 3412 ein
238 3378 284 3414 zur
301 3362 412 3414 Relation
436 3364 616 3431 6611516166-

70 3438 72 3442 ’
117 3439 196 3482 anter
217 3434 247 3497 (s.¹
273 3447 303 3482 zu
329 3429 371 3482 lll.
393 3435 433 3496 11)
461 3434 515 3486 dem
540 3435 616 3491 Senot

115 3499 236 3564 vorlegte.
285 3556 288 3562 ,
