2550 4350
154 299 228 362 186·
543 304 701 358 consumi
719 305 830 359 mem
940 342 947 349 .
1096 311 1168 373 (aa.
1182 270 1231 360 sis

152 463 324 527 confutavit.
368 460 427 521 Sed
461 461 526 539 ipsa
560 461 591 519 in
623 459 759 521 custodia
784 468 902 520 retenta
931 471 986 529 est,
1022 460 1226 541 suspectante

150 549 270 610 Nerone
298 545 377 606 baud
406 543 481 605 lalsa
509 562 578 604 esse
605 545 695 605 etiarn
724 563 799 622 quae
822 562 890 604 vera
913 562 972 604 non
996 546 1224 623 probabantur.

97 639 138 699 52
151 631 321 695 Coniuratis
356 641 454 691 tamen
477 637 558 690 metu
581 629 761 706 proditionis
782 630 929 706 permotis
949 630 1101 707 placitum
1126 643 1224 694 matu·

149 737 216 780 rare
246 716 367 776 caedem
397 714 475 792 apud
500 714 586 774 Baias
615 714 645 772 in
669 712 735 773 tilla
758 712 888 783 Pisonis,
923 713 1009 774 euius
1034 719 1223 779 anroenitate

149 812 253 881 captus
277 801 386 861 Caesar
415 799 521 859 crebro
550 798 713 859 ventitabat
734 796 915 876 balneasque
938 808 968 859 et
990 800 1101 877 epulas
1126 803 1243 863 inibata

150 885 272 947 omissis
303 883 436 945 excubiis
466 892 496 943 et
524 884 661 943 lortunae
689 900 760 942 suae
789 882 879 944 mole.
922 883 983 942 Sed
1005 883 1118 946 abnuit
1142 887 1218 960 Piso,

148 971 291 1032 invidiam
328 968 538 1046 praetendens,
576 968 603 1027 si
640 985 726 1027 sacra
758 985 879 1027 mensae
910 966 1014 1045 diique
1048 968 1216 1049 hospitales

151 1055 243 1117 caede
277 1053 504 1131 qualiscumque
538 1049 685 1129 principis
715 1059 957 1111 cruentarenturt
994 1051 1107 1115 melius
1139 1055 1216 1133 apud

146 1140 251 1201 urbem
274 1139 305 1198 in
333 1136 383 1197 illa
412 1138 507 1197 invisa
532 1146 562 1195 et
584 1134 690 1212 spoliis
713 1135 819 1195 civium
843 1143 975 1195 extructa
1000 1136 1093 1198 domo
1118 1140 1169 1199 vel
1189 1138 1217 1198 in

146 1223 268 1303 publico
298 1229 466 1299 patraturos
491 1221 570 1297 quod
593 1236 647 1296 pro
671 1239 702 1279 re
725 1218 844 1296 publiea
868 1219 1089 1296 suscepissent.
1136 1224 1269 1284 Haeett.

147 1308 371 1373 incommune,
400 1314 533 1363 ceterum
564 1303 670 1361 timore
700 1302 817 1363 occulto
842 1321 880 1364 ne
902 1304 937 1364 L.
960 1304 1084 1366 Silanus
1107 1308 1217 1369 eximia
1264 1300 1269 1311 '

146 1389 303 1450 nobilitate
326 1386 546 1462 disciplinaque
569 1386 601 1446 C.
625 1385 735 1453 Cassii'
755 1387 833 1464 apud
857 1406 945 1465 quem
969 1389 1117 1451 educatus
1142 1401 1214 1462 erat

147 1472 183 1534 ad
208 1489 326 1531 omnem
343 1469 550 1530 claritudinem
567 1469 701 1530 sublatus
717 1470 877 1549 imperium
892 1472 1056 1545 invaderet
1074 1480 1215 1555 prompte

146 1555 261 1618 daturis
285 1555 335 1633 qui
358 1573 374 1614 a
398 1554 604 1614 coniuratione
627 1554 736 1631 integri
759 1565 870 1628 essent
894 1557 1214 1635 quiquemiseraren·

145 1651 194 1703 tur
215 1641 365 1702 Neronem
388 1647 538 1718 tamquam
561 1657 615 1717 per
637 1639 736 1699 scelus
759 1639 961 1701 interfectum.
989 1641 1137 1723 Plerique
1157 1645 1212 1707 Ve-
1224 1654 1248 1703 15

91 1788 98 1803 ,
146 1726 217 1788 stini
241 1744 362 1805 quoque
395 1724 528 1785 consulis
551 1743 620 1784 aere
642 1724 795 1801 ingenium
817 1725 957 1786 vitavisse
979 1725 1126 1789 Pisonem
1151 1748 1214 1790 ere-

145 1811 295 1882 diderunt,
326 1812 364 1872 ire
392 1812 430 1869 ad
457 1809 626 1869 libertatem
655 1817 791 1869 oreretur
818 1809 862 1871 vel
886 1808 1002 1870 delecto
1027 1811 1215 1892 imperatore

145 1897 205 1958 alio
229 1896 276 1956 sui
298 1895 432 1955 muneris
454 1913 519 1954 rem
542 1893 692 1971 publicam
714 1895 835 1954 laceret.
864 1894 983 1955 Etenim
1007 1913 1118 1974 expers
1143 1917 1213 1959 con·

143 1980 300 2042 iurationis
324 1987 395 2049 erat,
419 1977 552 2056 quamvis
574 1995 724 2055 supereo
747 1977 873 2038 crimine
894 1978 973 2038 Nero
996 1990 1084 2041 vetus
1107 1982 1212 2043 adrer-

91 2069 131 2130 53
144 2084 209 2126 sum
232 2066 382 2125 insontem
406 2063 507 2123 odium
531 2060 701 2140 expleverit.
725 2061 857 2121 Tandem
880 2071 1010 2123 statuere
1026 2063 1247 2128 circensiumtt

142 2150 282 2211 ludorum
312 2148 370 2219 die,
399 2147 450 2224 qui
480 2147 581 2207 Cereri
609 2145 785 2216 celebratur,
815 2147 921 2224 exequi
949 2148 1112 2221 destinata,
1143 2152 1212 2230 quia

145 2233 254 2294 Caesar
276 2249 507 2307 rarnsegressu
531 2231 680 2307 domoque
702 2240 752 2290 aut
774 2230 871 2290 bortis
894 2231 1013 2292 clausus
1037 2234 1078 2294 ad
1096 2235 1212 2297 ludicra

142 2316 216 2375 circi
239 2314 412 2386 ventitabat,
441 2314 705 2391 promptioresque
727 2312 826 2373 aditus
849 2325 935 2376 erant
954 2315 1081 2378 laetitia*
1095 2330 1212 2399 specta·

143 2397 211 2457 culi.
257 2397 400 2456 Ordinem
434 2397 553 2457 insidiis
588 2405 819 2474 composuerant
849 2408 882 2459 ut
910 2401 1089 2476 Lateranus,
1124 2403 1208 2483 qnasi

142 2480 309 2541 subsidium
343 2480 387 2540 rei
419 2478 560 2540 familiari
594 2489 703 2552 oraret,
737 2481 985 2561 deprecabundus
1018 2495 1049 2546 et
1080 2488 1245 2566 genibus25

141 2564 288 2644 principis
311 2564 452 2624 accidens
474 2575 680 2643 prosterneret
703 2565 854 2627 incautum
871 2579 1093 2648 premeretque,
1116 2572 1209 2634 animi

140 2651 257 2711 validus
280 2660 310 2710 et
332 2668 458 2728 corpore
481 2650 598 2727 ingens.
633 2651 709 2711 Tum
732 2649 879 2712 iacentem
901 2662 930 2713 et
952 2653 1133 2738 impeditum
1157 2657 1209 2718 tri·

140 2735 213 2796 buni
237 2744 267 2796 et
289 2735 479 2795 centuriones
503 2744 533 2796 et
555 2743 733 2805 ceterorum,
767 2743 798 2795 ut
821 2737 947 2814 quisque
969 2739 1134 2803 audentiae
1154 2741 1209 2803 ba-

87 2880 92 2889 ,
140 2818 266 2890 buissel,
295 2819 489 2881 adcurrerent
517 2820 771 2897 trucidarentque,
800 2820 913 2898 primas
942 2820 1000 2881 sibi
1030 2833 1135 2905 partes
1159 2845 1208 2887 ex·

179 2990 201 3036 1.
236 2985 386 3046 confutavit
418 2986 489 3036 ‘wios
525 2986 565 3034 ibn
595 2985 641 3043 ab',
695 2983 736 3034 len
754 2986 849 3042 werde,
871 2986 927 3035 dem
944 3001 974 3036 er
990 2986 1031 3036 die
1047 2989 1153 3042 bocbste
1161 2990 1209 3042 Ge·

136 3051 260 3101 bewirlxte
296 3053 354 3101 dass
384 3067 413 3101 er
446 3053 645 3102 unverriebteter
696 3052 758 3102 walt
776 3053 933 3115 einbdndige.
1152 3074 1157 3081 ’

137 3118 218 3168 Sacbe
237 3117 332 3179 abgebn
352 3127 455 3168 musste.
733 3123 770 3171 19.
790 3135 870 3184 super
888 3136 917 3170 eo
937 3123 1049 3172 erimine
1070 3123 1121 3174 ‘bei
1135 3124 1209 3176 Gele-

170 3195 375 3254 520413112213,
412 3200 438 3249 s,
459 3216 490 3249 zu
508 3200 578 3253 Xqv,
598 3206 623 3255 4,
695 3185 797 3248 genbeit
814 3186 899 3235 dieser
916 3187 1134 3253 Besebnldignng',
1155 3193 1204 3256 eig.

169 3270 194 3317 q,
215 3281 293 3316 Sapra
310 3281 421 3316 mensae,
442 3267 640 3322 s.zuxllt.17.
693 3253 814 3303 walrend
825 3251 893 3303 Nero
912 3255 974 3305 dber
992 3258 1128 3310 derselben
1140 3276 1203 3317 wer,

169 3338 193 3387 8.
215 3334 289 3400 apud
312 3335 411 3398 orbem,
433 3335 465 3384 ‘in
487 3337 533 3389 der
551 3339 639 3389 Stadl'.
693 3321 745 3370 ³5⁰¹*
770 3319 848 3375 (Ῑέυῐῐὶῑ
870 3321 1050 3386 beschdstigte,
1085 3328 1124 3378 sie
1148 3343 1206 3378 ror-

134 3403 159 3452 S.
181 3418 211 3452 zu
230 3402 250 3453 l.
270 3405 294 3453 5.
692 3388 806 3437 bruebte.

438 3487 508 3539 >u
693 3449 1207 3596 cenet

166 3572 197 3622 L.
216 3571 333 3633 Silanus,
359 3572 567 3624 tvnbrsobeiuliob
595 3572 640 3621 der
690 3588 994 3643 prpfflpendasppam,
1014 3592 1203 3648 calfflqqhff,

133 3640 199 3690 Sohn
218 3641 262 3689 des
282 3638 371 3691 Xlll.l
393 3638 638 3690 ertvdbntenddSi·
724 3660 766 3710 23,
794 3664 826 3708 up
852 3660 1147 3714 audentiaepapumot
1171 3667 1206 3716 ist

132 3707 216 3788 Issum·
236 3706 292 3769 Vssl·
313 3707 382 3759 XVI·
399 3711 423 3758 7·
444 3707 526 3757 vehes
545 3705 639 3756 3⁰⁰⁸·
690 3741 754 3787 ganz
773 3734 861 3788 gesugt
878 3727 928 3776 wie
945 3728 1206 3783 eatisoderabunde

25 3835 28 3840 .
131 3791 186 3826 ηαδ
205 3792 235 3825 ²¹¹
253 3775 310 3826 ΧΠ·
334 3778 373 3825 ῙῙ·
691 3793 806 3842 alieuius
824 3795 865 3841 rei
882 3795 984 3845 babere.

168 3862 206 3911 18,
227 3861 271 3909 ene·
286 3860 405 3907 muneris
426 3866 464 3907 ‘zu
482 3856 576 3907 seinem
590 3857 639 3909 Ge·
725 3862 765 3912 29.
777 3861 923 3910 adcurrere
940 3863 984 3912 mit
1002 3863 1056 3913 dem
1067 3866 1128 3916 dec.
1151 3868 1204 3918 wie

131 3925 238 3975 sebenlx’.
259 3925 324 3975 Dass
343 3939 372 3974 er
389 3924 468 3976 selbst
484 3925 557 3975 einen
569 3928 639 3977 wib·
690 3926 931 3979 Vbddadoenlare.
945 3930 1203 3986 HieristdleseCon·
