2550 4350
138 274 207 336 '184
523 281 679 336 nonnum
697 281 810 332 TAClTl
1091 286 1213 367 (punis

142 442 298 503 ritamenta
321 438 440 516 quidem
464 437 565 496 eadem
588 436 664 496 intra
679 435 789 496 ltaliam
806 434 1037 495 dominantibus.
1072 436 1210 498 Externis

142 525 275 586 victoriis
303 523 413 591 aliena,
449 521 581 581 civilibus
610 520 697 580 etiam
720 528 821 579 nostra
844 537 1020 580 consumere
1043 520 1210 582 didicimus,

141 607 321 681 Quantulum
350 606 431 666 istud
460 616 506 666 est
534 605 570 665 de
601 623 659 682 qno
690 604 800 664 aediles
833 602 1007 664 admonent!
1045 623 1157 682 quam,
1185 608 1212 666 si

142 700 239 754 cetera
261 690 415 768 respicias,
439 690 469 749 in
484 690 547 749 levi
571 687 751 749 habendum!
785 688 828 747 Ad
849 688 974 748 Hercule
996 706 1084 748 nemo
1108 691 1209 763 refert,

142 777 220 855 quod
242 775 324 835 ltalia
347 783 486 834 externae
510 775 575 853 opis
604 773 729 850 indiget,
763 772 841 850 quod
872 772 929 832 vita
957 774 1061 850 populi
1084 773 1237 836 Romani5

140 880 195 941 per
216 861 327 920 incerta
357 858 447 917 maris
478 867 507 917 et
535 867 743 935 tempestatum
773 856 880 916 cotidie
909 857 1046 929 volvitur.
1090 859 1131 918 Ac
1154 860 1214 919 nisi

138 945 357 1024 provinciarum
381 942 482 1020 coplae
505 951 534 1001 et
556 942 683 1001 dominis
707 950 736 1001 et
759 940 888 1001 servitiis
909 950 939 1000 et
960 942 1039 1018 agris
1062 943 1211 1004 subvene-

141 1030 217 1101 rint,
246 1037 347 1088 nostra
371 1046 426 1086 nos
450 1026 560 1086 scilicet
583 1044 703 1085 nemora
733 1035 911 1103 nostraeque
934 1026 1018 1085 villae
1041 1027 1211 1088 tuebuntur.

139 1114 229 1188 llanc,
254 1121 354 1190 patres
377 1110 545 1188 conscripti,
570 1128 668 1169 curam
691 1109 820 1169 sustinet
834 1111 989 1189 princeps3
1013 1111 1085 1170 liaeo
1100 1112 1212 1173 omissa

140 1197 271 1258 funditus
301 1214 364 1254 rem
392 1194 537 1271 publicam
567 1194 671 1253 trahet.
723 1193 855 1271 Reliquis
886 1195 961 1254 intra
990 1195 1121 1256 animum
1143 1209 1251 1258 me-lo

141 1281 269 1343 dendum
292 1287 354 1338 est:
377 1296 433 1337 nos
457 1278 562 1355 pudor,
587 1295 732 1355 pauperes
756 1279 928 1349 necessitas,
953 1279 1057 1339 divites
1074 1280 1164 1341 satias
1180 1281 1211 1341 in

140 1365 246 1426 melius
268 1370 371 1422 mutet.
410 1363 467 1421 Ant
489 1362 514 1420 si
537 1362 602 1439 quis
620 1381 654 1421 ex
672 1361 892 1437 magistratibus
909 1373 1017 1423 tantam
1034 1364 1212 1425 industriam

140 1467 175 1509 ac
196 1447 380 1507 severitatem
403 1446 559 1524 pollicetur
589 1456 622 1506 ut
643 1445 687 1505 ire
711 1445 825 1506 obviam
856 1457 959 1524 queat,
990 1448 1069 1508 hunc
1097 1468 1152 1527 ego
1183 1458 1212 1510 et

140 1532 293 1602 laudo','et
315 1531 468 1590 exonerari
491 1531 624 1590 laborum
647 1549 781 1589 meorum
805 1540 918 1608 partem
942 1535 1045 1592 lateor.
1080 1535 1134 1593 Sin
1157 1553 1207 1596 ac-

82 1608 85 1613 ’
142 1634 244 1676 cusare
266 1615 334 1674 vitia
357 1615 478 1687 volunt,
502 1615 585 1685 dein,
615 1633 681 1675 cum
705 1614 827 1691 gloriam
851 1617 915 1676 eius
938 1616 980 1676 rei
1002 1617 1100 1694 adepti
1123 1629 1204 1690 sunt,
1220 1630 1247 1680 15

142 1699 306 1759 simultates
335 1699 444 1758 iaciunt
475 1718 508 1759 ne
531 1699 602 1758 mihi
625 1700 811 1776 relinquunt,
844 1701 971 1772 credite,
1003 1709 1104 1779 patres
1135 1721 1209 1763 con-

142 1783 256 1862 scripti,
279 1802 327 1844 me
349 1802 467 1862 quoque
489 1802 550 1844 non
573 1802 641 1843 esse
664 1785 866 1845 ollensionum
890 1785 1021 1859 avidum;
1048 1805 1121 1863 quas
1145 1807 1212 1849 cum

139 1957 208 1999 erste
224 1949 395 2012 Burgerlirieg
412 1949 536 1998 zwischen
552 1949 648 1998 lllarius
697 1965 831 2014 pauperes
849 1951 903 2000 sind
922 1951 959 2000 sie
977 1952 1024 2001 der
1038 1953 1118 2002 Sache
1137 1955 1208 2012 uach,

138 2016 189 2066 und
208 2017 278 2066 Sulla
296 2017 400 2066 sehloss.
445 2017 492 2064 Ein
512 2018 573 2064 noch
592 2016 649 2065 bes·
700 2017 777 2066 durch
796 2019 866 2066 ihren
880 2019 975 2067 Census
994 2023 1034 2079 (zu
1051 2020 1131 2078 llo),
1154 2037 1212 2071 aus-

138 2099 211 2134 serer
235 2084 366 2134 Abschnitt
397 2084 480 2132 dieses
507 2082 648 2132 Zeitraoms
700 2085 874 2145 geschlossem
891 2082 954 2134 ''voo
978 2087 1025 2136 den
1051 2087 1145 2137 diuites
1164 2105 1211 2139 nur

137 2167 194 2201 war
217 2151 255 2200 bis
284 2168 314 2200 zn
341 2152 387 2200 deu
413 2149 551 2199 Punisclren
576 2150 649 2199 llrie-
700 2152 819 2211 dadurelr,
841 2153 901 2201 weil
919 2154 1210 2208 sievorlrerbesondcrs

138 2233 185 2281 gen
205 2220 294 2279 (intra
309 2217 416 2266 ltaliam
434 2218 647 2280 dominantibus)
700 2221 816 2269 crwdhnt
834 2220 897 2269 sind.
937 2220 993 2282 Vgl.
1014 2239 1045 2272 zu
1064 2223 1094 2272 ll.
1116 2223 1135 2272 l.
1148 2226 1190 2275 88.

138 2287 188 2337 264
207 2300 231 2332 ν.
244 2283 288 2332 Ch.
736 2290 774 2339 13.
794 2288 873 2349 dune,
891 2288 991 2339 obwolrl
1008 2290 1076 2339 bloss
1094 2307 1150 2340 zum
1171 2306 1211 2341 er-

171 2354 194 2402 4.
222 2349 307 2409 refert
333 2364 363 2398 en
392 2350 439 2399 den
468 2350 561 2407 Senot,
603 2351 649 2401 llie
702 2362 756 2404 sten
785 2353 874 2404 Gliede
902 2357 943 2416 (et
971 2358 1067 2420 laudo)
1095 2360 1207 2421 gehdrig,

137 2416 242 2466 Aedileu
262 2416 340 2465 selbst
365 2417 474 2466 kounten
492 2433 564 2467 zwer
582 2421 650 2469 nicht
701 2421 767 2470 steht
783 2422 882 2479 voraul,
906 2424 966 2473 weil
983 2441 1011 2474 es
1029 2426 1116 2475 betont
1133 2427 1174 2476 ise

136 2483 271 2540 rel'eriren,
293 2482 355 2532 aber
372 2485 409 2533 sic
427 2485 534 2534 konnten
551 2487 591 2536 die
605 2489 649 2537 da·
737 2491 773 2538 14.
793 2504 941 2539 euenerore
958 2492 1003 2541 mit
1021 2494 1076 2542 dem
1085 2495 1144 2542 Ace.
1164 2495 1211 2543 der

136 2566 168 2600 zu
185 2551 304 2612 belugtcn
323 2551 441 2601 Beamten
460 2557 489 2611 (s.
506 2570 537 2602 zu
548 2553 590 2603 lll.
607 2559 647 2614 17)
699 2555 787 2613 Saehe,
798 2557 894 2606 welche
907 2559 1162 2621 lertgesohafftwird,
1176 2562 1211 2611 ist

136 2632 183 2667 zur
192 2618 308 2668 Relation
326 2618 470 2669 auffordern
480 2621 647 2679 (relationem
699 2639 806 2673 neuerer
824 2625 1060 2691 Spraclrgebrauoh:
1094 2630 1134 2678 die
1153 2629 1211 2679 Ael-

132 2686 274 2751 postulore
290 2685 419 2748 xinde),
448 2688 498 2737 wie
517 2705 573 2739 man
592 2691 645 2740 siolr
698 2699 769 2741 teron
780 2707 857 2754 sagon
870 2694 975 2759 aliquid
991 2697 1083 2760 eliqua
1100 2713 1137 2759 re,
1157 2697 1209 2746 ‘Et-

130 2755 199 2802 euch
217 2753 265 2802 den
283 2753 461 2817 vorliegenden
480 2755 535 2805 Fell
559 2762 590 2818 (c.
604 2760 646 2818 521
698 2774 753 2809 was
772 2760 934 2811 einerSache
946 2764 1085 2814 eutlosten’.
1113 2764 1142 2813 H.
1153 2764 1209 2816 v.2

135 2837 167 2870 zu
186 2820 283 2871 deuken
302 2822 351 2870 irat.
387 2823 432 2871 Ad
450 2823 491 2873 ldr
508 2830 543 2874 at.
697 2828 896 2878 multitudinem
911 2834 1053 2895 proximas
1075 2834 1104 2880 in
1123 2837 1208 2882 terror

169 2891 193 2937 5.
212 2887 294 2936 Italia
312 2893 439 2939 emtornoe
462 2894 520 2956 opis
544 2892 599 2941 ind.
620 2908 643 2941 u.
699 2901 878 2945 exoneratam.
926 2897 983 2946 Seu.
1005 2915 1044 2963 ep.
1066 2899 1153 2956 l.3‚4
1179 2903 1208 2949 in

133 2969 156 3003 s.
169 2969 203 3001 w,
241 2953 293 3002 ller
311 2955 527 3008 Getraidebedurl
544 2958 647 3008 lteliens
698 2962 830 3024 prtacltdet
846 2977 925 3012 aeres
935 2964 1068 3028 quidquid
1079 2967 1141 3016 illos
1152 2970 1210 3017 urit

134 3019 224 3070 wurde
254 3035 299 3069 aus
327 3023 441 3084 Sicilien,
482 3025 569 3075 Alrica
597 3026 646 3074 und
697 3033 853 3078 exonerant.

134 3088 266 3153 Aegypten
284 3089 404 3153 hezogeu.
439 3093 465 3143 S.
483 3093 512 3142 ll.
525 3095 564 3144 592
585 3091 643 3142 Xll.
734 3096 772 3144 17.
790 3110 832 3143 me
849 3110 953 3159 quoque
969 3113 1024 3146 nort
1042 3108 1104 3150 statt
1116 3118 1150 3150 ne
1167 3118 1208 3151 me

134 3156 177 3205 43.
216 3154 245 3203 Η.
267 3154 338 3209 l.ll.
698 3160 804 3224 quidem
830 3162 885 3210 lrier
908 3179 995 3224 tvcgen
1014 3168 1116 3216 starker
1134 3170 1209 3220 Beto-

168 3225 191 3272 'l.
211 3226 298 3286 agae,
320 3227 367 3276 den
385 3227 500 3287 weoigen
518 3225 642 3281 Acclern,
697 3243 764 3288 nuog
776 3228 822 3277 der
831 3227 969 3290 Negotium
992 3232 1054 3281 aber
1066 3235 1128 3282 auch
1144 3239 1208 3287 ohne

133 3288 175 3338 die
193 3288 217 3338 io
229 3289 318 3342 ltalien
337 3294 410 3355 fibrig
427 3292 558 3356 geblielren
576 3291 641 3348 sind,
696 3294 765 3344 diosc
785 3295 894 3344 Ursaclre
912 3295 981 3345 XlV.
998 3301 1038 3355 21,
1059 3301 1109 3347 und
1128 3306 1208 3353 etium

134 3357 255 3406 nachdem
279 3360 330 3410 last
355 3362 400 3410 das
424 3374 503 3422 genre
521 3358 593 3406 Lund
618 3357 643 3405 in
695 3376 749 3409 non
766 3360 834 3411 Xlll.
850 3365 874 3414 3.
895 3362 963 3413 XVl.
981 3367 1021 3415 22.
1072 3365 1128 3429 Vgl.
1152 3369 1205 3420 Cic.

132 3421 213 3473 Pariis
232 3427 280 3475 und
301 3427 395 3477 Gorten
424 3421 581 3473 vcrwandelt
599 3423 640 3472 ist.
694 3428 725 3476 ad
745 3429 911 3488 Att.lv.1,t
932 3447 980 3480 nec
998 3436 1077 3483 etiam
1094 3439 1208 3488 nimium

132 3489 225 3541 Hierzu
244 3495 310 3542 wird
327 3493 496 3542 subreperent
516 3490 540 3538 in
560 3489 641 3540 ciuem
693 3497 722 3543 in
741 3497 862 3547 custodio
879 3499 976 3548 salectis
1001 3517 1074 3551 mene
1092 3504 1207 3568 diligan-

131 3561 227 3609 andern
238 3561 314 3609 Since
331 3559 418 3620 geffigt
436 3556 473 3604 als
486 3572 517 3605 zu
528 3556 641 3607 dominis
690 3567 753 3627 tom,
771 3563 901 3615 Dolabella
920 3567 942 3616 lr.
957 3569 1009 3617 Cio.
1030 3571 1062 3619 ad
1081 3572 1139 3621 laur.
1157 3574 1201 3624 lX.

132 3631 158 3674 et
174 3630 304 3676 seroims:
332 3640 363 3683 zu
383 3622 470 3671 beiden
490 3624 596 3692 letztetn
616 3626 642 3674 ln
693 3633 746 3690 9,2
770 3648 819 3683 nee
842 3638 957 3684 rtomr'rttr
980 3640 1025 3685 sui
1047 3655 1096 3688 nee
1113 3657 1204 3691 rer-rem

131 3693 187 3743 dem
206 3693 266 3741 Sion
288 3689 350 3738 ‘dem
373 3688 504 3739 lehlenden
524 3692 637 3751 Bedarl',
690 3704 827 3761 gestarum
843 3702 935 3764 gloria
953 3720 1038 3769 neque
1061 3711 1141 3759 etium
1163 3727 1204 3759 re·

129 3776 162 3808 zu
185 3760 271 3820 jenem
293 3756 347 3805 ‘der
371 3756 501 3808 lehlenden
519 3759 642 3822 Leistung
689 3772 946 3829 gurrtacrtattortum
962 3773 1105 3838 clientelis,·
1126 3777 1200 3827 Caes.

131 3822 263 3874 ebhellen’.
315 3854 329 3902 ι»
690 3833 714 3882 b.
737 3833 766 3884 G.
788 3834 818 3885 V.
834 3839 902 3894 521
929 3856 1014 3905 neque
1038 3846 1117 3893 etiam
1141 3860 1203 3908 par·

126 3910 128 3915 v
166 3891 204 3939 ll.
222 3905 278 3955 noe,
297 3890 337 3940 dre
350 3892 497 3945 Senatoren.
524 3895 641 3949 Vendeo
691 3901 752 3952 vetto
788 3903 945 3958 detrimento
972 3909 1081 3962 illorum
1115 3912 1202 3962 locum
