<?xml version="1.0" encoding="UTF-8"?>
<!DOCTYPE html PUBLIC "-//W3C//DTD XHTML 1.0 Transitional//EN"
    "http://www.w3.org/TR/xhtml1/DTD/xhtml1-transitional.dtd">
<html xmlns="http://www.w3.org/1999/xhtml" xml:lang="en" lang="en">
 <head>
  <title>
</title>
<meta http-equiv="Content-Type" content="text/html;charset=utf-8" />
  <meta name='ocr-system' content='tesseract 3.04.00' />
  <meta name='ocr-capabilities' content='ocr_page ocr_carea ocr_par ocr_line ocrx_word'/>
</head>
<body>
  <div class='ocr_page' id='page_1' title='image "./corneliustacitu00claugoog_0225.png"; bbox 0 0 2550 4350; ppageno 0'>
   <div class='ocr_carea' id='block_1_1' title="bbox 131 247 1199 323">
    <p class='ocr_par' dir='ltr' id='par_1_1' title="bbox 131 247 1199 323">
     <span class='ocr_line' id='line_1_1' title="bbox 131 247 1199 323; baseline -0.001 -14"><span class='ocrx_word' id='word_1_1' title='bbox 131 247 192 310; x_wconf 80' lang='lat'>182</span> <span class='ocrx_word' id='word_1_2' title='bbox 508 253 653 308; x_wconf 82' lang='lat' dir='ltr'>connum</span> <span class='ocrx_word' id='word_1_3' title='bbox 672 253 784 308; x_wconf 82' lang='lat' dir='ltr'>racrrr</span> <span class='ocrx_word' id='word_1_4' title='bbox 1071 260 1199 323; x_wconf 65' lang='lat' dir='ltr'>(saus</span> 
     </span>
    </p>
   </div>
   <div class='ocr_carea' id='block_1_2' title="bbox 18 408 1265 2512">
    <p class='ocr_par' dir='ltr' id='par_1_2' title="bbox 127 408 1195 573">
     <span class='ocr_line' id='line_1_2' title="bbox 128 408 1190 491; baseline -0.002 -17"><span class='ocrx_word' id='word_1_5' title='bbox 128 413 240 491; x_wconf 85' lang='lat' dir='ltr'>legem,</span> <span class='ocrx_word' id='word_1_6' title='bbox 269 410 415 486; x_wconf 90' lang='lat' dir='ltr'>vetitaque</span> <span class='ocrx_word' id='word_1_7' title='bbox 443 408 613 469; x_wconf 79' lang='lat' dir='ltr'>utensilium</span> <span class='ocrx_word' id='word_1_8' title='bbox 636 409 730 487; x_wconf 89' lang='lat' dir='ltr'>pretia</span> <span class='ocrx_word' id='word_1_9' title='bbox 752 409 850 487; x_wconf 81' lang='lat' dir='ltr'>augeri</span> <span class='ocrx_word' id='word_1_10' title='bbox 880 409 1015 482; x_wconf 87' lang='lat' dir='ltr'>indies,</span> <span class='ocrx_word' id='word_1_11' title='bbox 1044 427 1100 470; x_wconf 87' lang='lat' dir='ltr'>nec</span> <span class='ocrx_word' id='word_1_12' title='bbox 1125 429 1190 472; x_wconf 93' lang='lat' dir='ltr'>me-</span> 
     </span>
     <span class='ocr_line' id='line_1_3' title="bbox 127 493 1195 573; baseline 0 -17"><span class='ocrx_word' id='word_1_13' title='bbox 127 495 279 557; x_wconf 86' lang='lat' dir='ltr'>·diecribus</span> <span class='ocrx_word' id='word_1_14' title='bbox 302 493 442 554; x_wconf 80' lang='lat' dir='ltr'>remediis</span> <span class='ocrx_word' id='word_1_15' title='bbox 472 493 538 553; x_wconf 91' lang='lat' dir='ltr'>sisti</span> <span class='ocrx_word' id='word_1_16' title='bbox 559 511 667 572; x_wconf 79' lang='lat' dir='ltr'>posse3</span> <span class='ocrx_word' id='word_1_17' title='bbox 706 501 735 552; x_wconf 94' lang='lat' dir='ltr'>et</span> <span class='ocrx_word' id='word_1_18' title='bbox 763 493 890 553; x_wconf 91' lang='lat' dir='ltr'>consulti</span> <span class='ocrx_word' id='word_1_19' title='bbox 920 503 1019 572; x_wconf 88' lang='lat' dir='ltr'>patres</span> <span class='ocrx_word' id='word_1_20' title='bbox 1048 495 1195 573; x_wconf 83' lang='lat' dir='ltr'>integrum</span> 
     </span>
    </p>

    <p class='ocr_par' dir='ltr' id='par_1_3' title="bbox 72 577 1196 743">
     <span class='ocr_line' id='line_1_4' title="bbox 72 577 1196 658; baseline 0.004 -21"><span class='ocrx_word' id='word_1_21' title='bbox 72 632 76 637; x_wconf 88' lang='lat'>.</span> <span class='ocrx_word' id='word_1_22' title='bbox 128 579 159 640; x_wconf 88' lang='lat' dir='ltr'>id</span> <span class='ocrx_word' id='word_1_23' title='bbox 187 578 337 658; x_wconf 78' lang='lat' dir='ltr'>negotium</span> <span class='ocrx_word' id='word_1_24' title='bbox 364 578 400 637; x_wconf 89' lang='lat' dir='ltr'>ad</span> <span class='ocrx_word' id='word_1_25' title='bbox 428 578 592 656; x_wconf 92' lang='lat' dir='ltr'>principem</span> <span class='ocrx_word' id='word_1_26' title='bbox 621 578 805 638; x_wconf 92' lang='lat' dir='ltr'>distulerant.</span> <span class='ocrx_word' id='word_1_27' title='bbox 858 577 916 638; x_wconf 89' lang='lat' dir='ltr'>Sed</span> <span class='ocrx_word' id='word_1_28' title='bbox 939 578 1076 639; x_wconf 85' lang='lat' dir='ltr'>Tiberius</span> <span class='ocrx_word' id='word_1_29' title='bbox 1105 599 1196 658; x_wconf 90' lang='lat' dir='ltr'>saepe</span> 
     </span>
     <span class='ocr_line' id='line_1_5' title="bbox 120 662 1194 743; baseline 0.007 -25"><span class='ocrx_word' id='word_1_30' title='bbox 120 664 205 743; x_wconf 23' lang='lat' dir='ltr'>,apud</span> <span class='ocrx_word' id='word_1_31' title='bbox 234 681 267 724; x_wconf 90' lang='lat' dir='ltr'>se</span> <span class='ocrx_word' id='word_1_32' title='bbox 295 663 442 742; x_wconf 78' lang='lat' dir='ltr'>pensitato</span> <span class='ocrx_word' id='word_1_33' title='bbox 472 680 507 722; x_wconf 91' lang='lat' dir='ltr'>an</span> <span class='ocrx_word' id='word_1_34' title='bbox 537 662 669 723; x_wconf 78' lang='lat' dir='ltr'>coerceri</span> <span class='ocrx_word' id='word_1_35' title='bbox 699 670 757 722; x_wconf 91' lang='lat' dir='ltr'>tam</span> <span class='ocrx_word' id='word_1_36' title='bbox 780 662 920 740; x_wconf 81' lang='lat' dir='ltr'>profusae</span> <span class='ocrx_word' id='word_1_37' title='bbox 942 662 1095 740; x_wconf 89' lang='lat' dir='ltr'>cupidines</span> <span class='ocrx_word' id='word_1_38' title='bbox 1119 682 1194 742; x_wconf 91' lang='lat' dir='ltr'>pos-</span> 
     </span>
    </p>

    <p class='ocr_par' dir='ltr' id='par_1_4' title="bbox 93 745 1225 1077">
     <span class='ocr_line' id='line_1_6' title="bbox 93 745 1225 826; baseline 0.002 -17"><span class='ocrx_word' id='word_1_39' title='bbox 93 745 100 755; x_wconf 87' lang='lat'><em>&#39;</em></span> <span class='ocrx_word' id='word_1_40' title='bbox 129 756 212 819; x_wconf 85' lang='lat' dir='ltr'>sent,</span> <span class='ocrx_word' id='word_1_41' title='bbox 253 766 324 807; x_wconf 94' lang='lat' dir='ltr'>num</span> <span class='ocrx_word' id='word_1_42' title='bbox 358 746 497 807; x_wconf 77' lang='lat' dir='ltr'>coercitio</span> <span class='ocrx_word' id='word_1_43' title='bbox 528 746 593 824; x_wconf 89' lang='lat' dir='ltr'>plus</span> <span class='ocrx_word' id='word_1_44' title='bbox 627 746 723 806; x_wconf 91' lang='lat' dir='ltr'>damni</span> <span class='ocrx_word' id='word_1_45' title='bbox 759 746 790 806; x_wconf 95' lang='lat' dir='ltr'>in</span> <span class='ocrx_word' id='word_1_46' title='bbox 820 764 882 806; x_wconf 90' lang='lat' dir='ltr'>rem</span> <span class='ocrx_word' id='word_1_47' title='bbox 915 747 1059 826; x_wconf 86' lang='lat' dir='ltr'>puplicam</span> <span class='ocrx_word' id='word_1_48' title='bbox 1091 749 1225 823; x_wconf 66' lang='lat' dir='ltr'>ferreti&gt;</span> 
     </span>
     <span class='ocr_line' id='line_1_7' title="bbox 128 830 1193 912; baseline 0.002 -20"><span class='ocrx_word' id='word_1_49' title='bbox 128 850 215 912; x_wconf 61' lang='lat' dir='ltr'>mam</span> <span class='ocrx_word' id='word_1_50' title='bbox 237 832 409 892; x_wconf 91' lang='lat' dir='ltr'>indecorum</span> <span class='ocrx_word' id='word_1_51' title='bbox 432 832 595 891; x_wconf 84' lang='lat' dir='ltr'>adtrectare</span> <span class='ocrx_word' id='word_1_52' title='bbox 617 831 696 908; x_wconf 93' lang='lat' dir='ltr'>quod</span> <span class='ocrx_word' id='word_1_53' title='bbox 719 848 779 890; x_wconf 90' lang='lat' dir='ltr'>non</span> <span class='ocrx_word' id='word_1_54' title='bbox 802 830 950 891; x_wconf 92' lang='lat' dir='ltr'>obtineret</span> <span class='ocrx_word' id='word_1_55' title='bbox 976 831 1021 891; x_wconf 91' lang='lat' dir='ltr'>rel</span> <span class='ocrx_word' id='word_1_56' title='bbox 1044 842 1193 894; x_wconf 90' lang='lat' dir='ltr'>retentum</span> 
     </span>
     <span class='ocr_line' id='line_1_8' title="bbox 128 914 1192 995; baseline 0.001 -19"><span class='ocrx_word' id='word_1_57' title='bbox 128 915 318 995; x_wconf 85' lang='lat' dir='ltr'>ignominiam</span> <span class='ocrx_word' id='word_1_58' title='bbox 348 924 377 976; x_wconf 90' lang='lat' dir='ltr'>et</span> <span class='ocrx_word' id='word_1_59' title='bbox 404 915 551 977; x_wconf 79' lang='lat' dir='ltr'>infamiam</span> <span class='ocrx_word' id='word_1_60' title='bbox 582 915 711 975; x_wconf 87' lang='lat' dir='ltr'>virorum</span> <span class='ocrx_word' id='word_1_61' title='bbox 747 914 914 974; x_wconf 83' lang='lat' dir='ltr'>inlustrium</span> <span class='ocrx_word' id='word_1_62' title='bbox 949 924 1101 994; x_wconf 87' lang='lat' dir='ltr'>posceret,</span> <span class='ocrx_word' id='word_1_63' title='bbox 1133 936 1192 995; x_wconf 91' lang='lat' dir='ltr'>po-</span> 
     </span>
     <span class='ocr_line' id='line_1_9' title="bbox 128 999 1192 1077; baseline 0.001 -17"><span class='ocrx_word' id='word_1_64' title='bbox 128 1009 240 1062; x_wconf 88' lang='lat' dir='ltr'>stremo</span> <span class='ocrx_word' id='word_1_65' title='bbox 270 1002 381 1061; x_wconf 84' lang='lat' dir='ltr'>litteras</span> <span class='ocrx_word' id='word_1_66' title='bbox 404 1000 439 1060; x_wconf 90' lang='lat' dir='ltr'>ad</span> <span class='ocrx_word' id='word_1_67' title='bbox 470 1009 603 1059; x_wconf 91' lang='lat' dir='ltr'>senatum</span> <span class='ocrx_word' id='word_1_68' title='bbox 628 999 811 1076; x_wconf 83' lang='lat' dir='ltr'>composuit,</span> <span class='ocrx_word' id='word_1_69' title='bbox 844 1016 964 1077; x_wconf 90' lang='lat' dir='ltr'>quarum</span> <span class='ocrx_word' id='word_1_70' title='bbox 994 1001 1138 1061; x_wconf 88' lang='lat' dir='ltr'>sententia</span> <span class='ocrx_word' id='word_1_71' title='bbox 1161 1002 1192 1061; x_wconf 94' lang='lat' dir='ltr'>in</span> 
     </span>
    </p>

    <p class='ocr_par' dir='ltr' id='par_1_5' title="bbox 75 1082 1265 1582">
     <span class='ocr_line' id='line_1_10' title="bbox 75 1082 1191 1164; baseline -0.002 -16"><span class='ocrx_word' id='word_1_72' title='bbox 75 1085 208 1150; x_wconf 84' lang='lat' dir='ltr'>53‘bunc</span> <span class='ocrx_word' id='word_1_73' title='bbox 228 1086 347 1144; x_wconf 93' lang='lat' dir='ltr'>modum</span> <span class='ocrx_word' id='word_1_74' title='bbox 371 1084 435 1143; x_wconf 91' lang='lat' dir='ltr'>fuit.</span> <span class='ocrx_word' id='word_1_75' title='bbox 470 1084 581 1144; x_wconf 82' lang='lat' dir='ltr'>Ceteris</span> <span class='ocrx_word' id='word_1_76' title='bbox 597 1083 721 1143; x_wconf 82' lang='lat' dir='ltr'>forsitan</span> <span class='ocrx_word' id='word_1_77' title='bbox 737 1083 767 1142; x_wconf 93' lang='lat' dir='ltr'>in</span> <span class='ocrx_word' id='word_1_78' title='bbox 782 1082 883 1156; x_wconf 90' lang='lat' dir='ltr'>rebus,</span> <span class='ocrx_word' id='word_1_79' title='bbox 905 1093 1005 1161; x_wconf 89' lang='lat' dir='ltr'>patres</span> <span class='ocrx_word' id='word_1_80' title='bbox 1021 1086 1191 1164; x_wconf 85' lang='lat' dir='ltr'>conscripti,</span> 
     </span>
     <span class='ocr_line' id='line_1_11' title="bbox 120 1167 1239 1248; baseline 0.002 -18"><span class='ocrx_word' id='word_1_81' title='bbox 120 1170 222 1247; x_wconf 72' lang='lat' dir='ltr'>vstragis</span> <span class='ocrx_word' id='word_1_82' title='bbox 245 1167 447 1246; x_wconf 80' lang='lat' dir='ltr'>expediatme</span> <span class='ocrx_word' id='word_1_83' title='bbox 470 1186 568 1227; x_wconf 90' lang='lat' dir='ltr'>coram</span> <span class='ocrx_word' id='word_1_84' title='bbox 591 1167 768 1244; x_wconf 87' lang='lat' dir='ltr'>interrogari</span> <span class='ocrx_word' id='word_1_85' title='bbox 791 1176 820 1228; x_wconf 91' lang='lat' dir='ltr'>et</span> <span class='ocrx_word' id='word_1_86' title='bbox 841 1168 938 1228; x_wconf 91' lang='lat' dir='ltr'>dicere</span> <span class='ocrx_word' id='word_1_87' title='bbox 961 1169 1110 1245; x_wconf 80' lang='lat' dir='ltr'>quidese</span> <span class='ocrx_word' id='word_1_88' title='bbox 1130 1184 1239 1248; x_wconf 74' lang='lat' dir='ltr'>pu-tu</span> 
     </span>
     <span class='ocr_line' id='line_1_12' title="bbox 127 1251 1190 1321; baseline 0.002 -8"><span class='ocrx_word' id='word_1_89' title='bbox 127 1253 202 1314; x_wconf 88' lang='lat' dir='ltr'>blica</span> <span class='ocrx_word' id='word_1_90' title='bbox 225 1270 378 1321; x_wconf 71' lang='lat' dir='ltr'>censeam,</span> <span class='ocrx_word' id='word_1_91' title='bbox 401 1252 431 1310; x_wconf 94' lang='lat' dir='ltr'>in</span> <span class='ocrx_word' id='word_1_92' title='bbox 454 1252 508 1310; x_wconf 89' lang='lat' dir='ltr'>hae</span> <span class='ocrx_word' id='word_1_93' title='bbox 530 1251 673 1312; x_wconf 89' lang='lat' dir='ltr'>relatione</span> <span class='ocrx_word' id='word_1_94' title='bbox 695 1251 828 1312; x_wconf 89' lang='lat' dir='ltr'>subtrahi</span> <span class='ocrx_word' id='word_1_95' title='bbox 852 1253 954 1312; x_wconf 90' lang='lat' dir='ltr'>oculos</span> <span class='ocrx_word' id='word_1_96' title='bbox 978 1271 1062 1313; x_wconf 90' lang='lat' dir='ltr'>meos</span> <span class='ocrx_word' id='word_1_97' title='bbox 1085 1255 1190 1315; x_wconf 88' lang='lat' dir='ltr'>melius</span> 
     </span>
     <span class='ocr_line' id='line_1_13' title="bbox 126 1334 1194 1417; baseline 0.002 -20"><span class='ocrx_word' id='word_1_98' title='bbox 126 1337 197 1408; x_wconf 91' lang='lat' dir='ltr'>fuit,</span> <span class='ocrx_word' id='word_1_99' title='bbox 231 1354 269 1395; x_wconf 94' lang='lat' dir='ltr'>ne</span> <span class='ocrx_word' id='word_1_100' title='bbox 302 1334 510 1395; x_wconf 86' lang='lat' dir='ltr'>denotantibus</span> <span class='ocrx_word' id='word_1_101' title='bbox 538 1336 623 1395; x_wconf 89' lang='lat' dir='ltr'>vobis</span> <span class='ocrx_word' id='word_1_102' title='bbox 652 1355 702 1396; x_wconf 92' lang='lat' dir='ltr'>ora</span> <span class='ocrx_word' id='word_1_103' title='bbox 731 1355 765 1396; x_wconf 92' lang='lat' dir='ltr'>ac</span> <span class='ocrx_word' id='word_1_104' title='bbox 793 1344 903 1396; x_wconf 88' lang='lat' dir='ltr'>metum</span> <span class='ocrx_word' id='word_1_105' title='bbox 932 1337 1113 1414; x_wconf 89' lang='lat' dir='ltr'>singulorum</span> <span class='ocrx_word' id='word_1_106' title='bbox 1144 1340 1194 1417; x_wconf 92' lang='lat' dir='ltr'>qui</span> 
     </span>
     <span class='ocr_line' id='line_1_14' title="bbox 124 1419 1193 1499; baseline 0.002 -19"><span class='ocrx_word' id='word_1_107' title='bbox 124 1419 256 1499; x_wconf 89' lang='lat' dir='ltr'>pudendi</span> <span class='ocrx_word' id='word_1_108' title='bbox 277 1419 363 1478; x_wconf 83' lang='lat' dir='ltr'>luxus</span> <span class='ocrx_word' id='word_1_109' title='bbox 386 1428 580 1497; x_wconf 83' lang='lat' dir='ltr'>arguerentur</span> <span class='ocrx_word' id='word_1_110' title='bbox 609 1420 671 1498; x_wconf 89' lang='lat' dir='ltr'>ipse</span> <span class='ocrx_word' id='word_1_111' title='bbox 701 1421 787 1480; x_wconf 91' lang='lat' dir='ltr'>etiam</span> <span class='ocrx_word' id='word_1_112' title='bbox 810 1421 939 1481; x_wconf 87' lang='lat' dir='ltr'>viderem</span> <span class='ocrx_word' id='word_1_113' title='bbox 970 1441 1022 1482; x_wconf 90' lang='lat' dir='ltr'>eos</span> <span class='ocrx_word' id='word_1_114' title='bbox 1052 1442 1086 1483; x_wconf 94' lang='lat' dir='ltr'>ac</span> <span class='ocrx_word' id='word_1_115' title='bbox 1115 1424 1193 1484; x_wconf 88' lang='lat' dir='ltr'>velut</span> 
     </span>
     <span class='ocr_line' id='line_1_15' title="bbox 127 1503 1265 1582; baseline -0.001 -18"><span class='ocrx_word' id='word_1_116' title='bbox 127 1503 351 1582; x_wconf 90' lang='lat' dir='ltr'>deprenderem.</span> <span class='ocrx_word' id='word_1_117' title='bbox 387 1504 471 1575; x_wconf 84' lang='lat' dir='ltr'>Quod</span> <span class='ocrx_word' id='word_1_118' title='bbox 488 1504 644 1565; x_wconf 92' lang='lat' dir='ltr'>simecum</span> <span class='ocrx_word' id='word_1_119' title='bbox 667 1514 734 1564; x_wconf 91' lang='lat' dir='ltr'>ante</span> <span class='ocrx_word' id='word_1_120' title='bbox 755 1505 809 1564; x_wconf 89' lang='lat' dir='ltr'>viri</span> <span class='ocrx_word' id='word_1_121' title='bbox 826 1505 949 1577; x_wconf 89' lang='lat' dir='ltr'>strenui,</span> <span class='ocrx_word' id='word_1_122' title='bbox 973 1506 1092 1578; x_wconf 88' lang='lat' dir='ltr'>aediles,</span> <span class='ocrx_word' id='word_1_123' title='bbox 1116 1526 1190 1567; x_wconf 92' lang='lat' dir='ltr'>con·</span> <span class='ocrx_word' id='word_1_124' title='bbox 1258 1559 1265 1563; x_wconf 86' lang='lat'><em>.</em></span> 
     </span>
    </p>

    <p class='ocr_par' dir='ltr' id='par_1_6' title="bbox 68 1587 1238 1836">
     <span class='ocr_line' id='line_1_16' title="bbox 68 1587 1238 1670; baseline 0.005 -22"><span class='ocrx_word' id='word_1_125' title='bbox 68 1634 71 1638; x_wconf 77' lang='grc'>.</span> <span class='ocrx_word' id='word_1_126' title='bbox 127 1587 226 1648; x_wconf 89' lang='lat' dir='ltr'>silium</span> <span class='ocrx_word' id='word_1_127' title='bbox 250 1587 433 1659; x_wconf 82' lang='lat' dir='ltr'>habuissent,</span> <span class='ocrx_word' id='word_1_128' title='bbox 457 1589 558 1650; x_wconf 91' lang='lat' dir='ltr'>nescio</span> <span class='ocrx_word' id='word_1_129' title='bbox 582 1607 617 1649; x_wconf 91' lang='lat' dir='ltr'>an</span> <span class='ocrx_word' id='word_1_130' title='bbox 641 1607 784 1649; x_wconf 91' lang='lat' dir='ltr'>suasurus</span> <span class='ocrx_word' id='word_1_131' title='bbox 807 1589 914 1649; x_wconf 89' lang='lat' dir='ltr'>fuerim</span> <span class='ocrx_word' id='word_1_132' title='bbox 931 1592 1067 1650; x_wconf 89' lang='lat' dir='ltr'>omittere</span> <span class='ocrx_word' id='word_1_133' title='bbox 1089 1592 1189 1670; x_wconf 68' lang='lat' dir='ltr'>laetius</span> <span class='ocrx_word' id='word_1_134' title='bbox 1204 1604 1238 1654; x_wconf 75' lang='lat' dir='ltr'>fa</span> 
     </span>
     <span class='ocr_line' id='line_1_17' title="bbox 125 1672 1191 1752; baseline 0.004 -20"><span class='ocrx_word' id='word_1_135' title='bbox 125 1672 290 1750; x_wconf 86' lang='lat' dir='ltr'>praevalida</span> <span class='ocrx_word' id='word_1_136' title='bbox 314 1681 343 1732; x_wconf 92' lang='lat' dir='ltr'>et</span> <span class='ocrx_word' id='word_1_137' title='bbox 364 1672 460 1733; x_wconf 90' lang='lat' dir='ltr'>adulta</span> <span class='ocrx_word' id='word_1_138' title='bbox 485 1672 550 1733; x_wconf 91' lang='lat' dir='ltr'>vitia</span> <span class='ocrx_word' id='word_1_139' title='bbox 574 1692 660 1752; x_wconf 88' lang='lat' dir='ltr'>quarn</span> <span class='ocrx_word' id='word_1_140' title='bbox 684 1675 740 1733; x_wconf 92' lang='lat' dir='ltr'>boe</span> <span class='ocrx_word' id='word_1_141' title='bbox 762 1672 896 1752; x_wconf 84' lang='lat' dir='ltr'>adsequi,</span> <span class='ocrx_word' id='word_1_142' title='bbox 926 1683 958 1733; x_wconf 92' lang='lat' dir='ltr'>ut</span> <span class='ocrx_word' id='word_1_143' title='bbox 979 1674 1074 1751; x_wconf 88' lang='lat' dir='ltr'>palam</span> <span class='ocrx_word' id='word_1_144' title='bbox 1096 1676 1191 1746; x_wconf 90' lang='lat' dir='ltr'>fieret,</span> 
     </span>
     <span class='ocr_line' id='line_1_18' title="bbox 128 1755 1190 1836; baseline 0.005 -20"><span class='ocrx_word' id='word_1_145' title='bbox 128 1755 235 1836; x_wconf 90' lang='lat' dir='ltr'>quibus</span> <span class='ocrx_word' id='word_1_146' title='bbox 262 1755 380 1835; x_wconf 82' lang='lat' dir='ltr'>flagitiis</span> <span class='ocrx_word' id='word_1_147' title='bbox 409 1757 537 1835; x_wconf 89' lang='lat' dir='ltr'>impares</span> <span class='ocrx_word' id='word_1_148' title='bbox 572 1776 719 1818; x_wconf 81' lang='lat' dir='ltr'>essemus</span> <span class='ocrx_word' id='word_1_149' title='bbox 775 1756 832 1816; x_wconf 88' lang='lat' dir='ltr'>Sed</span> <span class='ocrx_word' id='word_1_150' title='bbox 863 1757 904 1817; x_wconf 92' lang='lat' dir='ltr'>illi</span> <span class='ocrx_word' id='word_1_151' title='bbox 939 1759 1057 1835; x_wconf 90' lang='lat' dir='ltr'>quidem</span> <span class='ocrx_word' id='word_1_152' title='bbox 1093 1761 1190 1821; x_wconf 85' lang='lat' dir='ltr'>officio</span> 
     </span>
    </p>

    <p class='ocr_par' dir='ltr' id='par_1_7' title="bbox 18 1841 1239 2512">
     <span class='ocr_line' id='line_1_19' title="bbox 18 1841 1191 1920; baseline 0.003 -20"><span class='ocrx_word' id='word_1_153' title='bbox 18 1878 27 1886; x_wconf 86' lang='lat'><em>-</em></span> <span class='ocrx_word' id='word_1_154' title='bbox 120 1841 219 1901; x_wconf 56' lang='lat' dir='ltr'>&gt;bineli</span> <span class='ocrx_word' id='word_1_155' title='bbox 250 1849 335 1913; x_wconf 91' lang='lat' dir='ltr'>sunt,</span> <span class='ocrx_word' id='word_1_156' title='bbox 368 1849 401 1900; x_wconf 93' lang='lat' dir='ltr'>ut</span> <span class='ocrx_word' id='word_1_157' title='bbox 429 1850 545 1901; x_wconf 89' lang='lat' dir='ltr'>ceteros</span> <span class='ocrx_word' id='word_1_158' title='bbox 573 1860 691 1920; x_wconf 91' lang='lat' dir='ltr'>quoque</span> <span class='ocrx_word' id='word_1_159' title='bbox 719 1841 908 1918; x_wconf 89' lang='lat' dir='ltr'>magistratus</span> <span class='ocrx_word' id='word_1_160' title='bbox 937 1861 989 1902; x_wconf 88' lang='lat' dir='ltr'>sua</span> <span class='ocrx_word' id='word_1_161' title='bbox 1013 1843 1111 1903; x_wconf 86' lang='lat' dir='ltr'>munia</span> <span class='ocrx_word' id='word_1_162' title='bbox 1133 1844 1191 1904; x_wconf 91' lang='lat' dir='ltr'>im-</span> 
     </span>
     <span class='ocr_line' id='line_1_20' title="bbox 123 1924 1191 2006; baseline 0.005 -22"><span class='ocrx_word' id='word_1_163' title='bbox 123 1924 207 2004; x_wconf 88' lang='lat' dir='ltr'>plere</span> <span class='ocrx_word' id='word_1_164' title='bbox 235 1925 339 1998; x_wconf 76' lang='lat' dir='ltr'>velim3</span> <span class='ocrx_word' id='word_1_165' title='bbox 371 1926 447 1999; x_wconf 92' lang='lat' dir='ltr'>mibi</span> <span class='ocrx_word' id='word_1_166' title='bbox 472 1934 568 1986; x_wconf 89' lang='lat' dir='ltr'>autem</span> <span class='ocrx_word' id='word_1_167' title='bbox 591 1945 686 2004; x_wconf 90' lang='lat' dir='ltr'>neque</span> <span class='ocrx_word' id='word_1_168' title='bbox 709 1925 866 1986; x_wconf 91' lang='lat' dir='ltr'>honestum</span> <span class='ocrx_word' id='word_1_169' title='bbox 889 1926 977 1986; x_wconf 87' lang='lat' dir='ltr'>silere</span> <span class='ocrx_word' id='word_1_170' title='bbox 1000 1945 1096 2006; x_wconf 90' lang='lat' dir='ltr'>neque</span> <span class='ocrx_word' id='word_1_171' title='bbox 1118 1947 1191 2006; x_wconf 92' lang='lat' dir='ltr'>pro-</span> 
     </span>
     <span class='ocr_line' id='line_1_21' title="bbox 125 2009 1239 2088; baseline 0.004 -18"><span class='ocrx_word' id='word_1_172' title='bbox 125 2009 206 2087; x_wconf 81' lang='lat' dir='ltr'>loqui</span> <span class='ocrx_word' id='word_1_173' title='bbox 230 2011 413 2088; x_wconf 89' lang='lat' dir='ltr'>expeditum,</span> <span class='ocrx_word' id='word_1_174' title='bbox 446 2011 593 2087; x_wconf 91' lang='lat' dir='ltr'>quianon</span> <span class='ocrx_word' id='word_1_175' title='bbox 617 2010 720 2071; x_wconf 88' lang='lat' dir='ltr'>aedilis</span> <span class='ocrx_word' id='word_1_176' title='bbox 743 2011 961 2087; x_wconf 89' lang='lat' dir='ltr'>aut-praetoris</span> <span class='ocrx_word' id='word_1_177' title='bbox 985 2019 1035 2071; x_wconf 92' lang='lat' dir='ltr'>aut</span> <span class='ocrx_word' id='word_1_178' title='bbox 1056 2014 1239 2076; x_wconf 77' lang='lat' dir='ltr'>consulisbo</span> 
     </span>
     <span class='ocr_line' id='line_1_22' title="bbox 125 2094 1190 2174; baseline 0.005 -20"><span class='ocrx_word' id='word_1_179' title='bbox 125 2095 218 2172; x_wconf 86' lang='lat' dir='ltr'>partis</span> <span class='ocrx_word' id='word_1_180' title='bbox 242 2095 387 2154; x_wconf 85' lang='lat' dir='ltr'>sustineo.</span> <span class='ocrx_word' id='word_1_181' title='bbox 423 2095 516 2155; x_wconf 90' lang='lat' dir='ltr'>Maius</span> <span class='ocrx_word' id='word_1_182' title='bbox 538 2094 647 2172; x_wconf 92' lang='lat' dir='ltr'>aliquid</span> <span class='ocrx_word' id='word_1_183' title='bbox 671 2103 700 2153; x_wconf 90' lang='lat' dir='ltr'>et</span> <span class='ocrx_word' id='word_1_184' title='bbox 722 2094 866 2154; x_wconf 83' lang='lat' dir='ltr'>excelsius</span> <span class='ocrx_word' id='word_1_185' title='bbox 890 2113 905 2154; x_wconf 93' lang='lat' dir='ltr'>a</span> <span class='ocrx_word' id='word_1_186' title='bbox 928 2095 1060 2172; x_wconf 92' lang='lat' dir='ltr'>principe</span> <span class='ocrx_word' id='word_1_187' title='bbox 1083 2108 1190 2174; x_wconf 91' lang='lat' dir='ltr'>postu-</span> 
     </span>
     <span class='ocr_line' id='line_1_23' title="bbox 125 2172 1191 2256; baseline 0.004 -18"><span class='ocrx_word' id='word_1_188' title='bbox 125 2177 217 2250; x_wconf 85' lang='lat' dir='ltr'>latur3</span> <span class='ocrx_word' id='word_1_189' title='bbox 253 2172 369 2238; x_wconf 92' lang='lat' dir='ltr'>etcum</span> <span class='ocrx_word' id='word_1_190' title='bbox 392 2187 471 2238; x_wconf 91' lang='lat' dir='ltr'>recte</span> <span class='ocrx_word' id='word_1_191' title='bbox 500 2179 642 2239; x_wconf 93' lang='lat' dir='ltr'>factorum</span> <span class='ocrx_word' id='word_1_192' title='bbox 672 2177 729 2237; x_wconf 90' lang='lat' dir='ltr'>sibi</span> <span class='ocrx_word' id='word_1_193' title='bbox 759 2179 885 2255; x_wconf 90' lang='lat' dir='ltr'>quisque</span> <span class='ocrx_word' id='word_1_194' title='bbox 914 2180 1034 2256; x_wconf 93' lang='lat' dir='ltr'>gratiam</span> <span class='ocrx_word' id='word_1_195' title='bbox 1064 2183 1191 2253; x_wconf 89' lang='lat' dir='ltr'>trabant,</span> 
     </span>
     <span class='ocr_line' id='line_1_24' title="bbox 125 2261 1191 2343; baseline 0.004 -21"><span class='ocrx_word' id='word_1_196' title='bbox 125 2263 213 2322; x_wconf 89' lang='lat' dir='ltr'>unius</span> <span class='ocrx_word' id='word_1_197' title='bbox 235 2261 343 2320; x_wconf 86' lang='lat' dir='ltr'>invidia</span> <span class='ocrx_word' id='word_1_198' title='bbox 365 2261 401 2320; x_wconf 91' lang='lat' dir='ltr'>ab</span> <span class='ocrx_word' id='word_1_199' title='bbox 424 2263 560 2323; x_wconf 91' lang='lat' dir='ltr'>omnibus</span> <span class='ocrx_word' id='word_1_200' title='bbox 583 2271 730 2340; x_wconf 88' lang='lat' dir='ltr'>peccatur.</span> <span class='ocrx_word' id='word_1_201' title='bbox 765 2262 842 2333; x_wconf 85' lang='lat' dir='ltr'>Quid</span> <span class='ocrx_word' id='word_1_202' title='bbox 866 2263 943 2323; x_wconf 90' lang='lat' dir='ltr'>enim</span> <span class='ocrx_word' id='word_1_203' title='bbox 966 2265 1093 2342; x_wconf 92' lang='lat' dir='ltr'>primum</span> <span class='ocrx_word' id='word_1_204' title='bbox 1117 2285 1191 2343; x_wconf 90' lang='lat' dir='ltr'>pro-</span> 
     </span>
     <span class='ocr_line' id='line_1_25' title="bbox 124 2344 1189 2424; baseline 0.007 -21"><span class='ocrx_word' id='word_1_205' title='bbox 124 2344 228 2404; x_wconf 93' lang='lat' dir='ltr'>bibere</span> <span class='ocrx_word' id='word_1_206' title='bbox 256 2353 284 2404; x_wconf 90' lang='lat' dir='ltr'>et</span> <span class='ocrx_word' id='word_1_207' title='bbox 305 2344 435 2422; x_wconf 91' lang='lat' dir='ltr'>priscum</span> <span class='ocrx_word' id='word_1_208' title='bbox 458 2346 494 2406; x_wconf 92' lang='lat' dir='ltr'>ad</span> <span class='ocrx_word' id='word_1_209' title='bbox 517 2365 630 2406; x_wconf 91' lang='lat' dir='ltr'>morem</span> <span class='ocrx_word' id='word_1_210' title='bbox 653 2346 785 2407; x_wconf 87' lang='lat' dir='ltr'>recidere</span> <span class='ocrx_word' id='word_1_211' title='bbox 807 2346 986 2424; x_wconf 75' lang='lat' dir='ltr'>adgrediar?</span> <span class='ocrx_word' id='word_1_212' title='bbox 1019 2348 1189 2410; x_wconf 84' lang='lat' dir='ltr'>villarumne</span> 
     </span>
     <span class='ocr_line' id='line_1_26' title="bbox 120 2427 1238 2512; baseline 0.006 -24"><span class='ocrx_word' id='word_1_213' title='bbox 120 2427 239 2490; x_wconf 87' lang='lat' dir='ltr'>infinita</span> <span class='ocrx_word' id='word_1_214' title='bbox 267 2427 383 2506; x_wconf 78' lang='lat' dir='ltr'>spatia?</span> <span class='ocrx_word' id='word_1_215' title='bbox 422 2430 597 2491; x_wconf 89' lang='lat' dir='ltr'>familiarum</span> <span class='ocrx_word' id='word_1_216' title='bbox 626 2449 782 2492; x_wconf 89' lang='lat' dir='ltr'>numerum</span> <span class='ocrx_word' id='word_1_217' title='bbox 815 2440 845 2491; x_wconf 92' lang='lat' dir='ltr'>et</span> <span class='ocrx_word' id='word_1_218' title='bbox 876 2431 1037 2493; x_wconf 77' lang='lat' dir='ltr'>nationes?</span> <span class='ocrx_word' id='word_1_219' title='bbox 1075 2434 1187 2512; x_wconf 87' lang='lat' dir='ltr'>argenti</span> <span class='ocrx_word' id='word_1_220' title='bbox 1200 2446 1238 2495; x_wconf 76' lang='lat'>25</span> 
     </span>
    </p>
   </div>
   <div class='ocr_carea' id='block_1_3' title="bbox 115 2595 1198 3940">
    <p class='ocr_par' dir='ltr' id='par_1_8' title="bbox 117 2595 1198 3320">
     <span class='ocr_line' id='line_1_27' title="bbox 117 2595 1195 2665; baseline 0.006 -22"><span class='ocrx_word' id='word_1_221' title='bbox 117 2595 248 2665; x_wconf 47' lang='lat' dir='ltr'>&gt;meeum</span> <span class='ocrx_word' id='word_1_222' title='bbox 264 2599 367 2661; x_wconf 83' lang='lat' dir='ltr'>nuptiis</span> <span class='ocrx_word' id='word_1_223' title='bbox 383 2602 471 2647; x_wconf 84' lang='lat' dir='ltr'>autem</span> <span class='ocrx_word' id='word_1_224' title='bbox 481 2602 507 2646; x_wconf 88' lang='lat' dir='ltr'>et</span> <span class='ocrx_word' id='word_1_225' title='bbox 517 2599 629 2662; x_wconf 80' lang='lat' dir='ltr'>repotiis</span> <span class='ocrx_word' id='word_1_226' title='bbox 678 2597 748 2648; x_wconf 86' lang='lat' dir='ltr'>XLl.</span> <span class='ocrx_word' id='word_1_227' title='bbox 762 2600 785 2656; x_wconf 86' lang='lat'>8,</span> <span class='ocrx_word' id='word_1_228' title='bbox 798 2600 812 2648; x_wconf 81' lang='lat'><strong>5</strong></span> <span class='ocrx_word' id='word_1_229' title='bbox 832 2598 916 2663; x_wconf 80' lang='lat' dir='ltr'>legati</span> <span class='ocrx_word' id='word_1_230' title='bbox 924 2597 1081 2662; x_wconf 75' lang='lat' dir='ltr'>Serdoman,</span> <span class='ocrx_word' id='word_1_231' title='bbox 1093 2603 1142 2664; x_wconf 76' lang='lat' dir='ltr'>qui</span> <span class='ocrx_word' id='word_1_232' title='bbox 1157 2600 1195 2650; x_wconf 80' lang='lat' dir='ltr'>ad</span> 
     </span>
     <span class='ocr_line' id='line_1_28' title="bbox 119 2663 1193 2730; baseline 0.007 -20"><span class='ocrx_word' id='word_1_233' title='bbox 119 2663 236 2711; x_wconf 72' lang='lat' dir='ltr'>eestmtii</span> <span class='ocrx_word' id='word_1_234' title='bbox 258 2664 336 2713; x_wconf 86' lang='lat' dir='ltr'>mille.</span> <span class='ocrx_word' id='word_1_235' title='bbox 377 2664 443 2714; x_wconf 78' lang='lat' dir='ltr'>Esse</span> <span class='ocrx_word' id='word_1_236' title='bbox 465 2667 545 2714; x_wconf 67' lang='lat' dir='ltr'>enam</span> <span class='ocrx_word' id='word_1_237' title='bbox 564 2665 631 2715; x_wconf 82' lang='lat' dir='ltr'>dicit</span> <span class='ocrx_word' id='word_1_238' title='bbox 682 2682 765 2716; x_wconf 86' lang='lat' dir='ltr'>nouos</span> <span class='ocrx_word' id='word_1_239' title='bbox 790 2669 966 2730; x_wconf 67' lang='lat' dir='ltr'>magistralem</span> <span class='ocrx_word' id='word_1_240' title='bbox 996 2666 1077 2717; x_wconf 85' lang='lat' dir='ltr'>dilati</span> <span class='ocrx_word' id='word_1_241' title='bbox 1099 2674 1193 2718; x_wconf 87' lang='lat' dir='ltr'>erant:</span> 
     </span>
     <span class='ocr_line' id='line_1_29' title="bbox 119 2726 1197 2796; baseline 0.006 -18"><span class='ocrx_word' id='word_1_242' title='bbox 119 2726 215 2793; x_wconf 67' lang='lat' dir='ltr'>Capito</span> <span class='ocrx_word' id='word_1_243' title='bbox 226 2729 320 2780; x_wconf 82' lang='lat' dir='ltr'>Ateius</span> <span class='ocrx_word' id='word_1_244' title='bbox 332 2730 454 2796; x_wconf 83' lang='lat' dir='ltr'>edictum,</span> <span class='ocrx_word' id='word_1_245' title='bbox 473 2732 563 2782; x_wconf 83' lang='lat' dir='ltr'>divine</span> <span class='ocrx_word' id='word_1_246' title='bbox 574 2735 630 2783; x_wconf 89' lang='lat' dir='ltr'>Au·</span> <span class='ocrx_word' id='word_1_247' title='bbox 680 2734 720 2784; x_wconf 88' lang='lat' dir='ltr'>bis</span> <span class='ocrx_word' id='word_1_248' title='bbox 738 2751 768 2784; x_wconf 87' lang='lat' dir='ltr'>zu</span> <span class='ocrx_word' id='word_1_249' title='bbox 788 2733 868 2784; x_wconf 89' lang='lat' dir='ltr'>ibrem</span> <span class='ocrx_word' id='word_1_250' title='bbox 886 2735 1060 2790; x_wconf 84' lang='lat' dir='ltr'>Amtsantritt,</span> <span class='ocrx_word' id='word_1_251' title='bbox 1090 2751 1146 2785; x_wconf 85' lang='lat' dir='ltr'>was</span> <span class='ocrx_word' id='word_1_252' title='bbox 1164 2750 1197 2785; x_wconf 83' lang='lat' dir='ltr'>er</span> 
     </span>
     <span class='ocr_line' id='line_1_30' title="bbox 118 2797 1196 2863; baseline 0.007 -18"><span class='ocrx_word' id='word_1_253' title='bbox 118 2799 194 2863; x_wconf 76' lang='lat' dir='ltr'>gessii</span> <span class='ocrx_word' id='word_1_254' title='bbox 211 2813 246 2846; x_wconf 89' lang='lat' dir='ltr'>an</span> <span class='ocrx_word' id='word_1_255' title='bbox 268 2797 368 2848; x_wconf 84' lang='lat' dir='ltr'>Tiberii</span> <span class='ocrx_word' id='word_1_256' title='bbox 380 2798 501 2850; x_wconf 82' lang='lat' dir='ltr'>Caesaris</span> <span class='ocrx_word' id='word_1_257' title='bbox 518 2817 572 2851; x_wconf 91' lang='lat' dir='ltr'>non</span> <span class='ocrx_word' id='word_1_258' title='bbox 587 2817 630 2851; x_wconf 89' lang='lat' dir='ltr'>sa·</span> <span class='ocrx_word' id='word_1_259' title='bbox 682 2818 703 2851; x_wconf 93' lang='lat' dir='ltr'>c.</span> <span class='ocrx_word' id='word_1_260' title='bbox 718 2804 767 2858; x_wconf 75' lang='lat' dir='ltr'>st</span> <span class='ocrx_word' id='word_1_261' title='bbox 786 2801 831 2851; x_wconf 84' lang='lat' dir='ltr'>mit</span> <span class='ocrx_word' id='word_1_262' title='bbox 849 2801 903 2851; x_wconf 86' lang='lat' dir='ltr'>dem</span> <span class='ocrx_word' id='word_1_263' title='bbox 919 2801 1196 2863; x_wconf 77' lang='lat' dir='ltr'>gewbbnliclrcradus·</span> 
     </span>
     <span class='ocr_line' id='line_1_31' title="bbox 117 2866 1198 2934; baseline 0.007 -21"><span class='ocrx_word' id='word_1_264' title='bbox 117 2866 155 2914; x_wconf 77' lang='lat' dir='ltr'>tis</span> <span class='ocrx_word' id='word_1_265' title='bbox 184 2868 363 2930; x_wconf 83' lang='lat' dir='ltr'>cornmemini,</span> <span class='ocrx_word' id='word_1_266' title='bbox 393 2883 444 2931; x_wconf 84' lang='lat' dir='ltr'>quo</span> <span class='ocrx_word' id='word_1_267' title='bbox 470 2868 556 2918; x_wconf 77' lang='lat' dir='ltr'>edicto</span> <span class='ocrx_word' id='word_1_268' title='bbox 579 2884 631 2934; x_wconf 78' lang='lat' dir='ltr'>per</span> <span class='ocrx_word' id='word_1_269' title='bbox 681 2870 762 2919; x_wconf 86' lang='lat' dir='ltr'>drnck</span> <span class='ocrx_word' id='word_1_270' title='bbox 778 2869 926 2918; x_wconf 82' lang='lat' dir='ltr'>bezeichnet</span> <span class='ocrx_word' id='word_1_271' title='bbox 951 2869 1035 2918; x_wconf 86' lang='lat' dir='ltr'>batte:</span> <span class='ocrx_word' id='word_1_272' title='bbox 1061 2870 1133 2920; x_wconf 88' lang='lat' dir='ltr'>Haec</span> <span class='ocrx_word' id='word_1_273' title='bbox 1158 2871 1198 2920; x_wconf 90' lang='lat' dir='ltr'>Ie·-</span> 
     </span>
     <span class='ocr_line' id='line_1_32' title="bbox 120 2931 1197 3001; baseline 0.008 -21"><span class='ocrx_word' id='word_1_274' title='bbox 120 2931 225 2980; x_wconf 75' lang='lat' dir='ltr'>meum</span> <span class='ocrx_word' id='word_1_275' title='bbox 242 2936 332 2983; x_wconf 84' lang='lat' dir='ltr'>uariae</span> <span class='ocrx_word' id='word_1_276' title='bbox 342 2933 531 2986; x_wconf 83' lang='lat' dir='ltr'>sollemnitates</span> <span class='ocrx_word' id='word_1_277' title='bbox 547 2952 564 2985; x_wconf 85' lang='lat' dir='ltr'>a</span> <span class='ocrx_word' id='word_1_278' title='bbox 579 2942 630 2985; x_wconf 84' lang='lat' dir='ltr'>tre·</span> <span class='ocrx_word' id='word_1_279' title='bbox 680 2940 756 3001; x_wconf 83' lang='lat' dir='ltr'>gatio</span> <span class='ocrx_word' id='word_1_280' title='bbox 781 2941 916 2999; x_wconf 85' lang='lat' dir='ltr'>totumque</span> <span class='ocrx_word' id='word_1_281' title='bbox 942 2935 1015 2998; x_wconf 81' lang='lat' dir='ltr'>quod</span> <span class='ocrx_word' id='word_1_282' title='bbox 1039 2937 1077 2986; x_wconf 86' lang='lat' dir='ltr'>ad</span> <span class='ocrx_word' id='word_1_283' title='bbox 1099 2937 1197 2988; x_wconf 78' lang='lat' dir='ltr'>Sardi·-</span> 
     </span>
     <span class='ocr_line' id='line_1_33' title="bbox 118 3001 1197 3070; baseline 0.007 -23"><span class='ocrx_word' id='word_1_284' title='bbox 118 3001 203 3048; x_wconf 77' lang='lat' dir='ltr'>centu</span> <span class='ocrx_word' id='word_1_285' title='bbox 224 3004 351 3051; x_wconf 81' lang='lat' dir='ltr'>sestertiis</span> <span class='ocrx_word' id='word_1_286' title='bbox 374 3003 493 3067; x_wconf 77' lang='lat' dir='ltr'>adenqree</span> <span class='ocrx_word' id='word_1_287' title='bbox 515 3003 568 3053; x_wconf 86' lang='lat' dir='ltr'>duo</span> <span class='ocrx_word' id='word_1_288' title='bbox 591 3019 630 3051; x_wconf 76' lang='lat' dir='ltr'>se·</span> <span class='ocrx_word' id='word_1_289' title='bbox 681 3002 755 3053; x_wconf 79' lang='lat' dir='ltr'>eiiam</span> <span class='ocrx_word' id='word_1_290' title='bbox 768 3003 923 3066; x_wconf 82' lang='lat' dir='ltr'>pertinebat</span> <span class='ocrx_word' id='word_1_291' title='bbox 949 3001 986 3051; x_wconf 87' lang='lat' dir='ltr'>ad</span> <span class='ocrx_word' id='word_1_292' title='bbox 1007 3002 1089 3053; x_wconf 84' lang='lat' dir='ltr'>nouos</span> <span class='ocrx_word' id='word_1_293' title='bbox 1107 3008 1197 3070; x_wconf 75' lang='lat' dir='ltr'>anagi-</span> 
     </span>
     <span class='ocr_line' id='line_1_34' title="bbox 118 3068 988 3135; baseline 0.005 -21"><span class='ocrx_word' id='word_1_294' title='bbox 118 3068 212 3115; x_wconf 78' lang='lat' dir='ltr'>eurota</span> <span class='ocrx_word' id='word_1_295' title='bbox 234 3075 356 3134; x_wconf 84' lang='lat' dir='ltr'>sumptus</span> <span class='ocrx_word' id='word_1_296' title='bbox 385 3085 510 3120; x_wconf 86' lang='lat' dir='ltr'>cenarum</span> <span class='ocrx_word' id='word_1_297' title='bbox 530 3084 631 3135; x_wconf 83' lang='lat' dir='ltr'>propa·</span> <span class='ocrx_word' id='word_1_298' title='bbox 680 3074 783 3120; x_wconf 68' lang='lat' dir='ltr'>cuatus</span> <span class='ocrx_word' id='word_1_299' title='bbox 799 3071 925 3118; x_wconf 82' lang='lat' dir='ltr'>reiectum</span> <span class='ocrx_word' id='word_1_300' title='bbox 943 3074 988 3118; x_wconf 83' lang='lat' dir='ltr'>est.</span> 
     </span>
     <span class='ocr_line' id='line_1_35' title="bbox 119 3135 1193 3201; baseline 0.007 -19"><span class='ocrx_word' id='word_1_301' title='bbox 119 3139 200 3197; x_wconf 82' lang='lat' dir='ltr'>gatus</span> <span class='ocrx_word' id='word_1_302' title='bbox 224 3141 275 3200; x_wconf 86' lang='lat' dir='ltr'>est,</span> <span class='ocrx_word' id='word_1_303' title='bbox 299 3143 330 3186; x_wconf 86' lang='lat' dir='ltr'>ut</span> <span class='ocrx_word' id='word_1_304' title='bbox 352 3138 393 3186; x_wconf 82' lang='lat' dir='ltr'>bis</span> <span class='ocrx_word' id='word_1_305' title='bbox 415 3138 508 3187; x_wconf 82' lang='lat' dir='ltr'>saitem</span> <span class='ocrx_word' id='word_1_306' title='bbox 531 3137 630 3198; x_wconf 80' lang='lat' dir='ltr'>finibus</span> <span class='ocrx_word' id='word_1_307' title='bbox 715 3137 740 3201; x_wconf 59' lang='lat'>6,</span> <span class='ocrx_word' id='word_1_308' title='bbox 774 3150 854 3199; x_wconf 86' lang='lat' dir='ltr'>quum</span> <span class='ocrx_word' id='word_1_309' title='bbox 884 3135 995 3197; x_wconf 74' lang='lat' dir='ltr'>t‘wie&#39;)</span> <span class='ocrx_word' id='word_1_310' title='bbox 1026 3137 1193 3190; x_wconf 85' lang='lat' dir='ltr'>indecoram.</span> 
     </span>
     <span class='ocr_line' id='line_1_36' title="bbox 119 3201 1192 3318; baseline 0.006 -68"><span class='ocrx_word' id='word_1_311' title='bbox 119 3201 628 3266; x_wconf 75' lang='lat' dir='ltr'>tuens-taeeffervescentisaestaecoer-</span> <span class='ocrx_word' id='word_1_312' title='bbox 678 3201 762 3318; x_wconf 74' lang='lat' dir='ltr'>¹[leber</span> <span class='ocrx_word' id='word_1_313' title='bbox 791 3202 836 3251; x_wconf 87' lang='lat' dir='ltr'>das</span> <span class='ocrx_word' id='word_1_314' title='bbox 863 3201 1042 3264; x_wconf 79' lang='lat' dir='ltr'>ausgclassene</span> <span class='ocrx_word' id='word_1_315' title='bbox 1067 3211 1134 3253; x_wconf 85' lang='lat' dir='ltr'>esset</span> <span class='ocrx_word' id='word_1_316' title='bbox 1160 3223 1192 3256; x_wconf 84' lang='lat' dir='ltr'>zu</span> 
     </span>
     <span class='ocr_line' id='line_1_37' title="bbox 119 3272 968 3320; baseline 0.002 -2"><span class='ocrx_word' id='word_1_317' title='bbox 119 3275 232 3320; x_wconf 78' lang='lat' dir='ltr'>caretur.</span> <span class='ocrx_word' id='word_1_318' title='bbox 693 3272 737 3319; x_wconf 89' lang='lat' dir='ltr'>.&#39;l.</span> <span class='ocrx_word' id='word_1_319' title='bbox 966 3305 968 3309; x_wconf 88' lang='lat'><em>-</em></span> 
     </span>
    </p>

    <p class='ocr_par' dir='ltr' id='par_1_9' title="bbox 155 3329 1194 3390">
     <span class='ocr_line' id='line_1_38' title="bbox 155 3329 1194 3390; baseline 0 -3"><span class='ocrx_word' id='word_1_320' title='bbox 155 3339 176 3387; x_wconf 88' lang='lat' dir='ltr'>f.</span> <span class='ocrx_word' id='word_1_321' title='bbox 196 3339 357 3388; x_wconf 73' lang='lat' dir='ltr'>utensilium.</span> <span class='ocrx_word' id='word_1_322' title='bbox 393 3339 418 3387; x_wconf 88' lang='lat' dir='ltr'>S.</span> <span class='ocrx_word' id='word_1_323' title='bbox 439 3353 469 3386; x_wconf 84' lang='lat' dir='ltr'>eu</span> <span class='ocrx_word' id='word_1_324' title='bbox 488 3336 507 3385; x_wconf 90' lang='lat' dir='ltr'>l.</span> <span class='ocrx_word' id='word_1_325' title='bbox 524 3338 564 3384; x_wconf 78' lang='lat' dir='ltr'>to.</span> <span class='ocrx_word' id='word_1_326' title='bbox 711 3329 759 3390; x_wconf 77' lang='grc'>53.</span> <span class='ocrx_word' id='word_1_327' title='bbox 788 3335 1031 3386; x_wconf 67' lang='lat' dir='ltr'>tumescentibus</span> <span class='ocrx_word' id='word_1_328' title='bbox 1055 3337 1194 3387; x_wconf 79' lang='lat' dir='ltr'>‘arrfmerlt-</span> 
     </span>
    </p>

    <p class='ocr_par' dir='ltr' id='par_1_10' title="bbox 115 3400 1198 3940">
     <span class='ocr_line' id='line_1_39' title="bbox 153 3400 1192 3461; baseline -0.002 -6"><span class='ocrx_word' id='word_1_329' title='bbox 153 3405 176 3455; x_wconf 85' lang='lat'>3.</span> <span class='ocrx_word' id='word_1_330' title='bbox 196 3400 623 3458; x_wconf 70' lang='lat' dir='ltr'>dubitarunt‘mttcnverwiesen’‚</span> <span class='ocrx_word' id='word_1_331' title='bbox 678 3417 731 3453; x_wconf 90' lang='lat' dir='ltr'>sam</span> <span class='ocrx_word' id='word_1_332' title='bbox 750 3403 872 3459; x_wconf 85' lang='lat' dir='ltr'>nracbtet’,</span> <span class='ocrx_word' id='word_1_333' title='bbox 905 3403 1047 3453; x_wconf 81' lang='lat' dir='ltr'>&#39;binwiesct</span> <span class='ocrx_word' id='word_1_334' title='bbox 1064 3403 1124 3461; x_wconf 86' lang='lat' dir='ltr'>auf’,</span> <span class='ocrx_word' id='word_1_335' title='bbox 1147 3408 1192 3456; x_wconf 82' lang='lat' dir='ltr'>da-</span> 
     </span>
     <span class='ocr_line' id='line_1_40' title="bbox 119 3468 1198 3534; baseline 0.005 -14"><span class='ocrx_word' id='word_1_336' title='bbox 119 3471 269 3534; x_wconf 85' lang='lat' dir='ltr'>eigentlicb:</span> <span class='ocrx_word' id='word_1_337' title='bbox 296 3473 332 3525; x_wconf 85' lang='lat' dir='ltr'>sie</span> <span class='ocrx_word' id='word_1_338' title='bbox 351 3472 435 3519; x_wconf 81' lang='lat' dir='ltr'>hatten</span> <span class='ocrx_word' id='word_1_339' title='bbox 454 3468 628 3528; x_wconf 86' lang='lat' dir='ltr'>eshinaosge·</span> <span class='ocrx_word' id='word_1_340' title='bbox 679 3471 756 3519; x_wconf 89' lang='lat' dir='ltr'>durch</span> <span class='ocrx_word' id='word_1_341' title='bbox 782 3471 840 3520; x_wconf 83' lang='lat' dir='ltr'>dass</span> <span class='ocrx_word' id='word_1_342' title='bbox 864 3470 915 3519; x_wconf 89' lang='lat' dir='ltr'>sicb</span> <span class='ocrx_word' id='word_1_343' title='bbox 945 3470 985 3520; x_wconf 86' lang='lat' dir='ltr'>die</span> <span class='ocrx_word' id='word_1_344' title='bbox 1010 3470 1095 3521; x_wconf 88' lang='lat' dir='ltr'>Blicke</span> <span class='ocrx_word' id='word_1_345' title='bbox 1120 3474 1198 3525; x_wconf 76' lang='lat' dir='ltr'>Allcr</span> 
     </span>
     <span class='ocr_line' id='line_1_41' title="bbox 117 3530 1101 3600; baseline -0.001 -11"><span class='ocrx_word' id='word_1_346' title='bbox 117 3539 226 3590; x_wconf 82' lang='lat' dir='ltr'>ecboben</span> <span class='ocrx_word' id='word_1_347' title='bbox 250 3539 289 3589; x_wconf 90' lang='lat' dir='ltr'>bis</span> <span class='ocrx_word' id='word_1_348' title='bbox 312 3551 358 3586; x_wconf 81' lang='lat' dir='ltr'>eur</span> <span class='ocrx_word' id='word_1_349' title='bbox 377 3530 627 3598; x_wconf 80' lang='lat' dir='ltr'>Willensaiusserung</span> <span class='ocrx_word' id='word_1_350' title='bbox 679 3538 726 3587; x_wconf 84' lang='lat' dir='ltr'>auf</span> <span class='ocrx_word' id='word_1_351' title='bbox 742 3537 782 3589; x_wconf 92' lang='lat' dir='ltr'>die</span> <span class='ocrx_word' id='word_1_352' title='bbox 800 3537 949 3600; x_wconf 82' lang='lat' dir='ltr'>Scbuldigcn</span> <span class='ocrx_word' id='word_1_353' title='bbox 969 3539 1101 3590; x_wconf 88' lang='lat' dir='ltr'>ricbteten.</span> 
     </span>
     <span class='ocr_line' id='line_1_42' title="bbox 119 3588 1190 3674; baseline 0.003 -18"><span class='ocrx_word' id='word_1_354' title='bbox 119 3588 443 3662; x_wconf 65' lang='lat' dir='ltr'>terruannorum</span> <span class='ocrx_word' id='word_1_355' title='bbox 462 3600 623 3653; x_wconf 85' lang='lat' dir='ltr'>Liv.XXVl.</span> <span class='ocrx_word' id='word_1_356' title='bbox 713 3607 753 3658; x_wconf 78' lang='lat'>25.</span> <span class='ocrx_word' id='word_1_357' title='bbox 771 3606 940 3668; x_wconf 73' lang='lat' dir='ltr'>faeniliarurn</span> <span class='ocrx_word' id='word_1_358' title='bbox 952 3622 1091 3674; x_wconf 73' lang='lat' dir='ltr'>raumeruns</span> <span class='ocrx_word' id='word_1_359' title='bbox 1108 3614 1190 3659; x_wconf 87' lang='lat' dir='ltr'>etna-</span> 
     </span>
     <span class='ocr_line' id='line_1_43' title="bbox 118 3666 1191 3739; baseline 0.01 -24"><span class='ocrx_word' id='word_1_360' title='bbox 118 3675 158 3732; x_wconf 68' lang='grc'>51,</span> <span class='ocrx_word' id='word_1_361' title='bbox 181 3677 211 3724; x_wconf 83' lang='grc' dir='ltr'>ιο</span> <span class='ocrx_word' id='word_1_362' title='bbox 237 3670 309 3731; x_wconf 75' lang='lat' dir='ltr'>Quas</span> <span class='ocrx_word' id='word_1_363' title='bbox 337 3666 497 3729; x_wconf 64' lang='lat' dir='ltr'>erogationes&gt;</span> <span class='ocrx_word' id='word_1_364' title='bbox 523 3672 626 3734; x_wconf 84' lang='lat' dir='ltr'>partim</span> <span class='ocrx_word' id='word_1_365' title='bbox 679 3675 769 3723; x_wconf 66' lang='lat' dir='ltr'>nones.</span> <span class='ocrx_word' id='word_1_366' title='bbox 811 3672 879 3724; x_wconf 93' lang='lat' dir='ltr'>XlV.</span> <span class='ocrx_word' id='word_1_367' title='bbox 898 3675 930 3725; x_wconf 80' lang='lat'>43</span> <span class='ocrx_word' id='word_1_368' title='bbox 962 3691 1038 3739; x_wconf 87' lang='lat' dir='ltr'>quem</span> <span class='ocrx_word' id='word_1_369' title='bbox 1063 3692 1191 3727; x_wconf 79' lang='lat' dir='ltr'>numerus</span> 
     </span>
     <span class='ocr_line' id='line_1_44' title="bbox 115 3737 1189 3805; baseline 0.003 -14"><span class='ocrx_word' id='word_1_370' title='bbox 115 3740 181 3791; x_wconf 76' lang='lat' dir='ltr'>dato</span> <span class='ocrx_word' id='word_1_371' title='bbox 198 3749 324 3798; x_wconf 75' lang='lat' dir='ltr'>responso</span> <span class='ocrx_word' id='word_1_372' title='bbox 351 3751 386 3784; x_wconf 72' lang='lat' dir='ltr'>esc</span> <span class='ocrx_word' id='word_1_373' title='bbox 402 3737 499 3786; x_wconf 84' lang='lat' dir='ltr'>itinere</span> <span class='ocrx_word' id='word_1_374' title='bbox 516 3737 626 3803; x_wconf 78' lang='lat' dir='ltr'>dimisit,</span> <span class='ocrx_word' id='word_1_375' title='bbox 677 3755 815 3791; x_wconf 78' lang='lat' dir='ltr'>seruorum</span> <span class='ocrx_word' id='word_1_376' title='bbox 833 3746 950 3805; x_wconf 81' lang='lat' dir='ltr'>latentur,</span> <span class='ocrx_word' id='word_1_377' title='bbox 969 3758 1028 3793; x_wconf 86' lang='lat' dir='ltr'>cum</span> <span class='ocrx_word' id='word_1_378' title='bbox 1042 3744 1189 3794; x_wconf 83' lang='lat' dir='ltr'>Pedanium</span> 
     </span>
     <span class='ocr_line' id='line_1_45' title="bbox 115 3801 1189 3876; baseline 0.01 -25"><span class='ocrx_word' id='word_1_379' title='bbox 115 3805 216 3872; x_wconf 63' lang='lat' dir='ltr'>partim</span> <span class='ocrx_word' id='word_1_380' title='bbox 234 3801 339 3852; x_wconf 85' lang='lat' dir='ltr'>distulit</span> <span class='ocrx_word' id='word_1_381' title='bbox 358 3801 537 3855; x_wconf 82' lang='lat' dir='ltr'>Tarraconem</span> <span class='ocrx_word' id='word_1_382' title='bbox 560 3805 584 3855; x_wconf 92' lang='lat' dir='ltr'>d.</span> <span class='ocrx_word' id='word_1_383' title='bbox 599 3807 623 3856; x_wconf 93' lang='lat' dir='ltr'>b.</span> <span class='ocrx_word' id='word_1_384' title='bbox 678 3807 829 3859; x_wconf 70' lang='lat' dir='ltr'>secundm</span> <span class='ocrx_word' id='word_1_385' title='bbox 847 3809 1040 3875; x_wconf 84' lang='lat' dir='ltr'>quadringenti</span> <span class='ocrx_word' id='word_1_386' title='bbox 1056 3827 1110 3861; x_wconf 88' lang='lat' dir='ltr'>non</span> <span class='ocrx_word' id='word_1_387' title='bbox 1126 3829 1189 3876; x_wconf 80' lang='lat' dir='ltr'>pro-</span> 
     </span>
     <span class='ocr_line' id='line_1_46' title="bbox 117 3867 1193 3940; baseline 0.005 -18"><span class='ocrx_word' id='word_1_388' title='bbox 117 3869 164 3922; x_wconf 77' lang='lat' dir='ltr'>euf</span> <span class='ocrx_word' id='word_1_389' title='bbox 184 3867 253 3919; x_wconf 86' lang='lat' dir='ltr'>scine</span> <span class='ocrx_word' id='word_1_390' title='bbox 277 3870 389 3922; x_wconf 77' lang='lat' dir='ltr'>Anluoft</span> <span class='ocrx_word' id='word_1_391' title='bbox 412 3873 474 3922; x_wconf 87' lang='lat' dir='ltr'>nach</span> <span class='ocrx_word' id='word_1_392' title='bbox 501 3871 623 3924; x_wconf 79' lang='lat' dir='ltr'>Tarraco.</span> <span class='ocrx_word' id='word_1_393' title='bbox 679 3879 814 3926; x_wconf 67' lang='lat' dir='ltr'>tenuant?</span> <span class='ocrx_word' id='word_1_394' title='bbox 840 3879 872 3929; x_wconf 84' lang='grc'>44</span> <span class='ocrx_word' id='word_1_395' title='bbox 890 3881 1012 3929; x_wconf 85' lang='lat' dir='ltr'>nationes</span> <span class='ocrx_word' id='word_1_396' title='bbox 1029 3881 1058 3929; x_wconf 87' lang='lat' dir='ltr'>in</span> <span class='ocrx_word' id='word_1_397' title='bbox 1075 3879 1193 3940; x_wconf 76' lang='lat' dir='ltr'>familiis</span> 
     </span>
    </p>
   </div>
   <div class='ocr_carea' id='block_1_4' title="bbox 0 0 1280 4350">
    <p class='ocr_par' dir='ltr' id='par_1_11' title="bbox 0 0 1280 4350">
     <span class='ocr_line' id='line_1_47' title="bbox 0 0 1280 4350; baseline 0 1"><span class='ocrx_word' id='word_1_398' title='bbox 0 0 1280 4350; x_wconf 95' lang='lat' dir='ltr'> </span> 
     </span>
    </p>
   </div>
  </div>
 </body>
</html>
