<?xml version="1.0" encoding="UTF-8"?>
<!DOCTYPE html PUBLIC "-//W3C//DTD XHTML 1.0 Transitional//EN"
    "http://www.w3.org/TR/xhtml1/DTD/xhtml1-transitional.dtd">
<html xmlns="http://www.w3.org/1999/xhtml" xml:lang="en" lang="en">
 <head>
  <title>
</title>
<meta http-equiv="Content-Type" content="text/html;charset=utf-8" />
  <meta name='ocr-system' content='tesseract 3.04.00' />
  <meta name='ocr-capabilities' content='ocr_page ocr_carea ocr_par ocr_line ocrx_word'/>
</head>
<body>
  <div class='ocr_page' id='page_1' title='image "./corneliustacitu00claugoog_0273.png"; bbox 0 0 2550 4350; ppageno 0'>
   <div class='ocr_carea' id='block_1_1' title="bbox 62 281 176 353">
    <p class='ocr_par' dir='ltr' id='par_1_1' title="bbox 62 281 176 353">
     <span class='ocr_line' id='line_1_1' title="bbox 62 281 176 353; baseline -0.07 0"><span class='ocrx_word' id='word_1_1' title='bbox 62 346 64 353; x_wconf 84' lang='lat'><strong>.</strong></span> <span class='ocrx_word' id='word_1_2' title='bbox 114 281 176 346; x_wconf 79' lang='grc'><strong>131)</strong></span> 
     </span>
    </p>
   </div>
   <div class='ocr_carea' id='block_1_2' title="bbox 503 285 779 340">
    <p class='ocr_par' dir='ltr' id='par_1_2' title="bbox 503 285 779 340">
     <span class='ocr_line' id='line_1_2' title="bbox 503 285 779 340; baseline 0 -2"><span class='ocrx_word' id='word_1_3' title='bbox 503 285 649 340; x_wconf 68' lang='lat' dir='ltr'><strong>conluunt</strong></span> <span class='ocrx_word' id='word_1_4' title='bbox 667 285 779 338; x_wconf 74' lang='lat' dir='ltr'><strong>unctui</strong></span> 
     </span>
    </p>
   </div>
   <div class='ocr_carea' id='block_1_3' title="bbox 1060 291 1217 353">
    <p class='ocr_par' dir='ltr' id='par_1_3' title="bbox 1060 291 1217 353">
     <span class='ocr_line' id='line_1_3' title="bbox 1060 291 1217 353; baseline 0.019 -17"><span class='ocrx_word' id='word_1_5' title='bbox 1060 291 1217 353; x_wconf 46' lang='lat' dir='ltr'><strong>(nutus</strong></span> 
     </span>
    </p>
   </div>
   <div class='ocr_carea' id='block_1_4' title="bbox 12 440 1271 2631">
    <p class='ocr_par' dir='ltr' id='par_1_4' title="bbox 114 440 1182 520">
     <span class='ocr_line' id='line_1_4' title="bbox 114 440 1182 520; baseline -0.005 -12"><span class='ocrx_word' id='word_1_6' title='bbox 114 447 151 511; x_wconf 77' lang='lat' dir='ltr'><strong>et</strong></span> <span class='ocrx_word' id='word_1_7' title='bbox 171 446 205 515; x_wconf 81' lang='grc' dir='ltr'><strong>Ρ.</strong></span> <span class='ocrx_word' id='word_1_8' title='bbox 223 442 375 514; x_wconf 82' lang='lat' dir='ltr'><strong>Suillium,</strong></span> <span class='ocrx_word' id='word_1_9' title='bbox 404 448 593 520; x_wconf 71' lang='lat' dir='ltr'><strong>quaestorem</strong></span> <span class='ocrx_word' id='word_1_10' title='bbox 622 441 769 520; x_wconf 89' lang='lat' dir='ltr'><strong>quondam</strong></span> <span class='ocrx_word' id='word_1_11' title='bbox 792 440 975 511; x_wconf 88' lang='lat' dir='ltr'><strong>Germanici,</strong></span> <span class='ocrx_word' id='word_1_12' title='bbox 1011 459 1076 505; x_wconf 87' lang='lat' dir='ltr'><strong>cum</strong></span> <span class='ocrx_word' id='word_1_13' title='bbox 1099 441 1182 503; x_wconf 86' lang='lat' dir='ltr'><strong>ltalia</strong></span> 
     </span>
    </p>

    <p class='ocr_par' dir='ltr' id='par_1_5' title="bbox 114 524 1183 604">
     <span class='ocr_line' id='line_1_5' title="bbox 114 524 1183 604; baseline -0.006 -12"><span class='ocrx_word' id='word_1_14' title='bbox 114 538 265 596; x_wconf 82' lang='lat' dir='ltr'><strong>arceretur</strong></span> <span class='ocrx_word' id='word_1_15' title='bbox 298 527 449 588; x_wconf 83' lang='lat' dir='ltr'><strong>convictus</strong></span> <span class='ocrx_word' id='word_1_16' title='bbox 483 525 639 604; x_wconf 84' lang='lat' dir='ltr'><strong>pecuniam</strong></span> <span class='ocrx_word' id='word_1_17' title='bbox 672 525 711 585; x_wconf 93' lang='lat' dir='ltr'><strong>ob</strong></span> <span class='ocrx_word' id='word_1_18' title='bbox 743 543 806 585; x_wconf 91' lang='lat' dir='ltr'><strong>rem</strong></span> <span class='ocrx_word' id='word_1_19' title='bbox 839 524 1023 585; x_wconf 89' lang='lat' dir='ltr'><strong>iudicandam</strong></span> <span class='ocrx_word' id='word_1_20' title='bbox 1053 527 1183 603; x_wconf 85' lang='lat' dir='ltr'><strong>cepisse,</strong></span> 
     </span>
    </p>

    <p class='ocr_par' dir='ltr' id='par_1_6' title="bbox 113 609 1209 860">
     <span class='ocr_line' id='line_1_6' title="bbox 114 609 1181 681; baseline -0.007 -2"><span class='ocrx_word' id='word_1_21' title='bbox 114 612 308 681; x_wconf 84' lang='lat' dir='ltr'><strong>amovendum</strong></span> <span class='ocrx_word' id='word_1_22' title='bbox 331 612 362 672; x_wconf 89' lang='lat' dir='ltr'><strong>in</strong></span> <span class='ocrx_word' id='word_1_23' title='bbox 385 611 511 671; x_wconf 85' lang='lat' dir='ltr'><strong>insulam</strong></span> <span class='ocrx_word' id='word_1_24' title='bbox 533 609 663 681; x_wconf 84' lang='lat' dir='ltr'><strong>censuit,</strong></span> <span class='ocrx_word' id='word_1_25' title='bbox 696 618 776 669; x_wconf 90' lang='lat' dir='ltr'><strong>tanta</strong></span> <span class='ocrx_word' id='word_1_26' title='bbox 808 610 1001 669; x_wconf 77' lang='lat' dir='ltr'><strong>contentione</strong></span> <span class='ocrx_word' id='word_1_27' title='bbox 1029 609 1118 671; x_wconf 89' lang='lat' dir='ltr'><strong>animi</strong></span> <span class='ocrx_word' id='word_1_28' title='bbox 1150 622 1181 672; x_wconf 84' lang='lat' dir='ltr'><strong>ut</strong></span> 
     </span>
     <span class='ocr_line' id='line_1_7' title="bbox 113 693 1182 772; baseline -0.004 -12"><span class='ocrx_word' id='word_1_29' title='bbox 113 697 326 761; x_wconf 85' lang='lat' dir='ltr'><strong>iureiurando</strong></span> <span class='ocrx_word' id='word_1_30' title='bbox 350 695 548 772; x_wconf 77' lang='lat' dir='ltr'><strong>obstringeret</strong></span> <span class='ocrx_word' id='word_1_31' title='bbox 570 714 587 754; x_wconf 92' lang='lat' dir='ltr'><strong>e</strong></span> <span class='ocrx_word' id='word_1_32' title='bbox 608 712 641 754; x_wconf 90' lang='lat' dir='ltr'><strong>re</strong></span> <span class='ocrx_word' id='word_1_33' title='bbox 664 694 779 772; x_wconf 73' lang='lat' dir='ltr'><strong>pnltlioa</strong></span> <span class='ocrx_word' id='word_1_34' title='bbox 800 693 830 753; x_wconf 90' lang='lat' dir='ltr'><strong>id</strong></span> <span class='ocrx_word' id='word_1_35' title='bbox 853 712 930 754; x_wconf 86' lang='lat' dir='ltr'><strong>essa.</strong></span> <span class='ocrx_word' id='word_1_36' title='bbox 964 693 1050 765; x_wconf 80' lang='lat' dir='ltr'><strong>Quod</strong></span> <span class='ocrx_word' id='word_1_37' title='bbox 1073 712 1182 771; x_wconf 87' lang='lat' dir='ltr'><strong>aspere</strong></span> 
     </span>
     <span class='ocr_line' id='line_1_8' title="bbox 113 778 1209 860; baseline -0.005 -16"><span class='ocrx_word' id='word_1_38' title='bbox 113 791 265 860; x_wconf 87' lang='lat' dir='ltr'><strong>acceptum</strong></span> <span class='ocrx_word' id='word_1_39' title='bbox 288 780 324 843; x_wconf 85' lang='lat' dir='ltr'><strong>ad</strong></span> <span class='ocrx_word' id='word_1_40' title='bbox 346 798 500 858; x_wconf 87' lang='lat' dir='ltr'><strong>praesens,</strong></span> <span class='ocrx_word' id='word_1_41' title='bbox 522 797 591 850; x_wconf 79' lang='lat' dir='ltr'><strong>mor</strong></span> <span class='ocrx_word' id='word_1_42' title='bbox 613 778 643 838; x_wconf 93' lang='lat' dir='ltr'><strong>in</strong></span> <span class='ocrx_word' id='word_1_43' title='bbox 666 779 783 851; x_wconf 82' lang='lat' dir='ltr'><strong>landem</strong></span> <span class='ocrx_word' id='word_1_44' title='bbox 798 778 886 839; x_wconf 86' lang='lat' dir='ltr'><strong>vertit</strong></span> <span class='ocrx_word' id='word_1_45' title='bbox 901 796 1040 856; x_wconf 87' lang='lat' dir='ltr'><strong>regresso</strong></span> <span class='ocrx_word' id='word_1_46' title='bbox 1057 778 1209 851; x_wconf 74' lang='lat' dir='ltr'><strong>Suillio;o</strong></span> 
     </span>
    </p>

    <p class='ocr_par' dir='ltr' id='par_1_7' title="bbox 110 863 1179 946">
     <span class='ocr_line' id='line_1_9' title="bbox 110 863 1179 946; baseline -0.006 -17"><span class='ocrx_word' id='word_1_47' title='bbox 110 885 201 946; x_wconf 47' lang='lat' dir='ltr'><strong>,quent</strong></span> <span class='ocrx_word' id='word_1_48' title='bbox 224 866 298 929; x_wconf 90' lang='lat' dir='ltr'><strong>vidit</strong></span> <span class='ocrx_word' id='word_1_49' title='bbox 319 882 446 942; x_wconf 80' lang='lat' dir='ltr'><strong>sequens</strong></span> <span class='ocrx_word' id='word_1_50' title='bbox 475 871 555 923; x_wconf 87' lang='lat' dir='ltr'><strong>aetas</strong></span> <span class='ocrx_word' id='word_1_51' title='bbox 583 871 823 942; x_wconf 79' lang='lat' dir='ltr'><strong>praepotentem,</strong></span> <span class='ocrx_word' id='word_1_52' title='bbox 859 863 990 922; x_wconf 86' lang='lat' dir='ltr'><strong>venalem</strong></span> <span class='ocrx_word' id='word_1_53' title='bbox 1014 871 1043 922; x_wconf 87' lang='lat' dir='ltr'><strong>et</strong></span> <span class='ocrx_word' id='word_1_54' title='bbox 1065 863 1179 924; x_wconf 81' lang='lat' dir='ltr'>Claudii</span> 
     </span>
    </p>

    <p class='ocr_par' dir='ltr' id='par_1_8' title="bbox 110 947 1178 1030">
     <span class='ocr_line' id='line_1_10' title="bbox 110 947 1178 1030; baseline -0.006 -18"><span class='ocrx_word' id='word_1_55' title='bbox 110 950 254 1030; x_wconf 88' lang='lat' dir='ltr'><strong>principis</strong></span> <span class='ocrx_word' id='word_1_56' title='bbox 277 949 403 1009; x_wconf 86' lang='lat' dir='ltr'><strong>amicitia</strong></span> <span class='ocrx_word' id='word_1_57' title='bbox 426 948 475 1008; x_wconf 92' lang='lat' dir='ltr'><strong>diu</strong></span> <span class='ocrx_word' id='word_1_58' title='bbox 490 965 644 1026; x_wconf 87' lang='lat' dir='ltr'><strong>prospere,</strong></span> <span class='ocrx_word' id='word_1_59' title='bbox 667 966 826 1026; x_wconf 84' lang='lat' dir='ltr'><strong>numquam</strong></span> <span class='ocrx_word' id='word_1_60' title='bbox 843 947 918 1013; x_wconf 87' lang='lat' dir='ltr'><strong>bene</strong></span> <span class='ocrx_word' id='word_1_61' title='bbox 934 965 1031 1007; x_wconf 93' lang='lat' dir='ltr'><strong>nsum.</strong></span> <span class='ocrx_word' id='word_1_62' title='bbox 1069 947 1178 1007; x_wconf 86' lang='lat' dir='ltr'><strong>Eadem</strong></span> 
     </span>
    </p>

    <p class='ocr_par' dir='ltr' id='par_1_9' title="bbox 112 1031 1176 1194">
     <span class='ocr_line' id='line_1_11' title="bbox 112 1031 1174 1114; baseline -0.008 -16"><span class='ocrx_word' id='word_1_63' title='bbox 112 1053 209 1114; x_wconf 88' lang='lat' dir='ltr'><strong>poena</strong></span> <span class='ocrx_word' id='word_1_64' title='bbox 232 1034 262 1094; x_wconf 89' lang='lat' dir='ltr'><strong>in</strong></span> <span class='ocrx_word' id='word_1_65' title='bbox 285 1033 388 1093; x_wconf 85' lang='lat' dir='ltr'><strong>Catum</strong></span> <span class='ocrx_word' id='word_1_66' title='bbox 409 1032 552 1093; x_wconf 81' lang='lat' dir='ltr'><strong>Firmium</strong></span> <span class='ocrx_word' id='word_1_67' title='bbox 577 1040 745 1092; x_wconf 81' lang='lat' dir='ltr'><strong>senatorem</strong></span> <span class='ocrx_word' id='word_1_68' title='bbox 768 1031 917 1102; x_wconf 78' lang='lat' dir='ltr'><strong>statuitur,</strong></span> <span class='ocrx_word' id='word_1_69' title='bbox 936 1040 1096 1108; x_wconf 31' lang='lat' dir='ltr'><strong>,tamquam</strong></span> <span class='ocrx_word' id='word_1_70' title='bbox 1119 1032 1174 1091; x_wconf 82' lang='lat' dir='ltr'><strong>lal-</strong></span> 
     </span>
     <span class='ocr_line' id='line_1_12' title="bbox 113 1114 1176 1194; baseline -0.013 -12"><span class='ocrx_word' id='word_1_71' title='bbox 113 1120 157 1183; x_wconf 85' lang='lat' dir='ltr'><strong>sis</strong></span> <span class='ocrx_word' id='word_1_72' title='bbox 180 1117 341 1181; x_wconf 84' lang='lat' dir='ltr'><strong>maiestatis</strong></span> <span class='ocrx_word' id='word_1_73' title='bbox 363 1116 535 1178; x_wconf 82' lang='lat' dir='ltr'><strong>criminibus</strong></span> <span class='ocrx_word' id='word_1_74' title='bbox 559 1133 694 1176; x_wconf 88' lang='lat' dir='ltr'><strong>sororem</strong></span> <span class='ocrx_word' id='word_1_75' title='bbox 716 1115 879 1194; x_wconf 84' lang='lat' dir='ltr'><strong>petivisset.</strong></span> <span class='ocrx_word' id='word_1_76' title='bbox 924 1114 1029 1186; x_wconf 88' lang='lat' dir='ltr'><strong>Catus,</strong></span> <span class='ocrx_word' id='word_1_77' title='bbox 1060 1123 1092 1176; x_wconf 91' lang='lat' dir='ltr'><strong>nt</strong></span> <span class='ocrx_word' id='word_1_78' title='bbox 1113 1126 1176 1176; x_wconf 72' lang='lat' dir='ltr'><strong>ret.</strong></span> 
     </span>
    </p>

    <p class='ocr_par' dir='ltr' id='par_1_10' title="bbox 12 1198 1222 1450">
     <span class='ocr_line' id='line_1_13' title="bbox 12 1198 1222 1277; baseline -0.003 -13"><span class='ocrx_word' id='word_1_79' title='bbox 12 1212 15 1220; x_wconf 86' lang='lat'>&#39;</span> <span class='ocrx_word' id='word_1_80' title='bbox 112 1204 181 1277; x_wconf 81' lang='lat' dir='ltr'><strong>tuli,</strong></span> <span class='ocrx_word' id='word_1_81' title='bbox 216 1202 361 1264; x_wconf 87' lang='lat' dir='ltr'><strong>Libonem</strong></span> <span class='ocrx_word' id='word_1_82' title='bbox 390 1201 532 1261; x_wconf 82' lang='lat' dir='ltr'><strong>inlexerat</strong></span> <span class='ocrx_word' id='word_1_83' title='bbox 559 1199 691 1273; x_wconf 90' lang='lat' dir='ltr'><strong>insidiis,</strong></span> <span class='ocrx_word' id='word_1_84' title='bbox 729 1200 836 1260; x_wconf 90' lang='lat' dir='ltr'><strong>deinde</strong></span> <span class='ocrx_word' id='word_1_85' title='bbox 862 1198 971 1259; x_wconf 86' lang='lat' dir='ltr'><strong>indicio</strong></span> <span class='ocrx_word' id='word_1_86' title='bbox 1000 1199 1222 1277; x_wconf 79' lang='lat' dir='ltr'><strong>perculerattn</strong></span> 
     </span>
     <span class='ocr_line' id='line_1_14' title="bbox 111 1283 1176 1363; baseline -0.004 -15"><span class='ocrx_word' id='word_1_87' title='bbox 111 1287 184 1357; x_wconf 80' lang='lat' dir='ltr'><strong>Eius</strong></span> <span class='ocrx_word' id='word_1_88' title='bbox 208 1304 316 1363; x_wconf 79' lang='lat' dir='ltr'><strong>operae</strong></span> <span class='ocrx_word' id='word_1_89' title='bbox 338 1304 453 1347; x_wconf 89' lang='lat' dir='ltr'><strong>mernor</strong></span> <span class='ocrx_word' id='word_1_90' title='bbox 474 1284 630 1357; x_wconf 83' lang='lat' dir='ltr'><strong>Tiberius,</strong></span> <span class='ocrx_word' id='word_1_91' title='bbox 659 1284 711 1344; x_wconf 84' lang='lat' dir='ltr'><strong>sed</strong></span> <span class='ocrx_word' id='word_1_92' title='bbox 736 1283 789 1344; x_wconf 90' lang='lat' dir='ltr'><strong>alia</strong></span> <span class='ocrx_word' id='word_1_93' title='bbox 812 1284 1024 1362; x_wconf 86' lang='lat' dir='ltr'><strong>praetendens,</strong></span> <span class='ocrx_word' id='word_1_94' title='bbox 1058 1284 1176 1344; x_wconf 86' lang='lat' dir='ltr'><strong>exilium</strong></span> 
     </span>
     <span class='ocr_line' id='line_1_15' title="bbox 113 1367 1126 1450; baseline -0.004 -17"><span class='ocrx_word' id='word_1_95' title='bbox 113 1371 288 1450; x_wconf 85' lang='lat' dir='ltr'><strong>deprecatus</strong></span> <span class='ocrx_word' id='word_1_96' title='bbox 312 1376 374 1430; x_wconf 85' lang='lat' dir='ltr'><strong>est:</strong></span> <span class='ocrx_word' id='word_1_97' title='bbox 398 1389 456 1446; x_wconf 88' lang='lat' dir='ltr'><strong>quo</strong></span> <span class='ocrx_word' id='word_1_98' title='bbox 479 1368 577 1431; x_wconf 91' lang='lat' dir='ltr'><strong>minus</strong></span> <span class='ocrx_word' id='word_1_99' title='bbox 601 1375 707 1428; x_wconf 89' lang='lat' dir='ltr'><strong>senatu</strong></span> <span class='ocrx_word' id='word_1_100' title='bbox 728 1368 896 1447; x_wconf 78' lang='lat' dir='ltr'><strong>pelleretur,</strong></span> <span class='ocrx_word' id='word_1_101' title='bbox 920 1386 979 1427; x_wconf 91' lang='lat' dir='ltr'><strong>non</strong></span> <span class='ocrx_word' id='word_1_102' title='bbox 1003 1367 1126 1428; x_wconf 87' lang='lat' dir='ltr'><strong>obstitit.</strong></span> 
     </span>
    </p>

    <p class='ocr_par' dir='ltr' id='par_1_11' title="bbox 62 1453 1222 1785">
     <span class='ocr_line' id='line_1_16' title="bbox 62 1453 1176 1531; baseline -0.006 -12"><span class='ocrx_word' id='word_1_103' title='bbox 62 1458 102 1519; x_wconf 84' lang='lat'><strong>32</strong></span> <span class='ocrx_word' id='word_1_104' title='bbox 200 1454 342 1531; x_wconf 81' lang='lat' dir='ltr'><strong>Pleraque</strong></span> <span class='ocrx_word' id='word_1_105' title='bbox 365 1472 468 1514; x_wconf 91' lang='lat' dir='ltr'><strong>eorum</strong></span> <span class='ocrx_word' id='word_1_106' title='bbox 490 1471 564 1531; x_wconf 82' lang='lat' dir='ltr'><strong>quae</strong></span> <span class='ocrx_word' id='word_1_107' title='bbox 579 1453 677 1512; x_wconf 85' lang='lat' dir='ltr'><strong>rettuli</strong></span> <span class='ocrx_word' id='word_1_108' title='bbox 694 1471 827 1531; x_wconf 71' lang='lat' dir='ltr'><strong>(puraeque</strong></span> <span class='ocrx_word' id='word_1_109' title='bbox 843 1455 979 1524; x_wconf 81' lang='lat' dir='ltr'><strong>reseram,</strong></span> <span class='ocrx_word' id='word_1_110' title='bbox 1002 1471 1089 1530; x_wconf 82' lang='lat' dir='ltr'><strong>parva</strong></span> <span class='ocrx_word' id='word_1_111' title='bbox 1113 1455 1176 1515; x_wconf 82' lang='lat' dir='ltr'><strong>lor-</strong></span> 
     </span>
     <span class='ocr_line' id='line_1_17' title="bbox 113 1536 1176 1607; baseline -0.002 -9"><span class='ocrx_word' id='word_1_112' title='bbox 113 1536 190 1598; x_wconf 88' lang='lat' dir='ltr'><strong>sitan</strong></span> <span class='ocrx_word' id='word_1_113' title='bbox 213 1546 243 1600; x_wconf 84' lang='lat' dir='ltr'><strong>et</strong></span> <span class='ocrx_word' id='word_1_114' title='bbox 264 1537 337 1601; x_wconf 89' lang='lat' dir='ltr'><strong>levia</strong></span> <span class='ocrx_word' id='word_1_115' title='bbox 359 1548 524 1598; x_wconf 91' lang='lat' dir='ltr'><strong>memoratu</strong></span> <span class='ocrx_word' id='word_1_116' title='bbox 546 1537 638 1597; x_wconf 83' lang='lat' dir='ltr'><strong>videri</strong></span> <span class='ocrx_word' id='word_1_117' title='bbox 661 1556 721 1597; x_wconf 92' lang='lat' dir='ltr'><strong>non</strong></span> <span class='ocrx_word' id='word_1_118' title='bbox 750 1537 869 1598; x_wconf 88' lang='lat' dir='ltr'><strong>nescius</strong></span> <span class='ocrx_word' id='word_1_119' title='bbox 893 1555 975 1607; x_wconf 91' lang='lat' dir='ltr'><strong>sum:</strong></span> <span class='ocrx_word' id='word_1_120' title='bbox 1007 1537 1060 1596; x_wconf 90' lang='lat' dir='ltr'><strong>sed</strong></span> <span class='ocrx_word' id='word_1_121' title='bbox 1089 1555 1176 1603; x_wconf 89' lang='lat' dir='ltr'><strong>nemo</strong></span> 
     </span>
     <span class='ocr_line' id='line_1_18' title="bbox 113 1620 1222 1700; baseline 0.001 -18"><span class='ocrx_word' id='word_1_122' title='bbox 113 1620 234 1685; x_wconf 83' lang='lat' dir='ltr'><strong>annales</strong></span> <span class='ocrx_word' id='word_1_123' title='bbox 257 1631 377 1686; x_wconf 83' lang='lat' dir='ltr'><strong>nostros</strong></span> <span class='ocrx_word' id='word_1_124' title='bbox 401 1641 467 1682; x_wconf 88' lang='lat' dir='ltr'><strong>eum</strong></span> <span class='ocrx_word' id='word_1_125' title='bbox 491 1621 635 1700; x_wconf 87' lang='lat' dir='ltr'><strong>scriptura</strong></span> <span class='ocrx_word' id='word_1_126' title='bbox 659 1640 763 1682; x_wconf 91' lang='lat' dir='ltr'><strong>eorum</strong></span> <span class='ocrx_word' id='word_1_127' title='bbox 786 1622 972 1683; x_wconf 87' lang='lat' dir='ltr'><strong>contenderit</strong></span> <span class='ocrx_word' id='word_1_128' title='bbox 993 1621 1042 1699; x_wconf 90' lang='lat' dir='ltr'><strong>qni</strong></span> <span class='ocrx_word' id='word_1_129' title='bbox 1059 1630 1172 1682; x_wconf 85' lang='lat' dir='ltr'><strong>veteres</strong></span> <span class='ocrx_word' id='word_1_130' title='bbox 1189 1634 1222 1683; x_wconf 69' lang='lat' dir='ltr'><strong>to</strong></span> 
     </span>
     <span class='ocr_line' id='line_1_19' title="bbox 112 1704 1175 1785; baseline 0.001 -21"><span class='ocrx_word' id='word_1_131' title='bbox 112 1705 215 1785; x_wconf 92' lang='lat' dir='ltr'><strong>populi</strong></span> <span class='ocrx_word' id='word_1_132' title='bbox 230 1706 354 1771; x_wconf 86' lang='lat' dir='ltr'><strong>Romani</strong></span> <span class='ocrx_word' id='word_1_133' title='bbox 376 1725 426 1766; x_wconf 88' lang='lat' dir='ltr'><strong>res</strong></span> <span class='ocrx_word' id='word_1_134' title='bbox 449 1707 653 1784; x_wconf 84' lang='lat' dir='ltr'><strong>conposivere.</strong></span> <span class='ocrx_word' id='word_1_135' title='bbox 698 1707 830 1784; x_wconf 85' lang='lat' dir='ltr'><strong>lugentia</strong></span> <span class='ocrx_word' id='word_1_136' title='bbox 852 1705 892 1764; x_wconf 93' lang='lat' dir='ltr'><strong>illi</strong></span> <span class='ocrx_word' id='word_1_137' title='bbox 916 1704 1000 1775; x_wconf 84' lang='lat' dir='ltr'><strong>bella,</strong></span> <span class='ocrx_word' id='word_1_138' title='bbox 1024 1724 1175 1783; x_wconf 88' lang='lat' dir='ltr'><strong>expugna-</strong></span> 
     </span>
    </p>

    <p class='ocr_par' dir='ltr' id='par_1_12' title="bbox 76 1789 1223 2373">
     <span class='ocr_line' id='line_1_20' title="bbox 76 1789 1176 1870; baseline 0 -20"><span class='ocrx_word' id='word_1_139' title='bbox 76 1789 80 1797; x_wconf 84' lang='lat'>&#39;</span> <span class='ocrx_word' id='word_1_140' title='bbox 114 1791 211 1857; x_wconf 88' lang='lat' dir='ltr'><strong>tiones</strong></span> <span class='ocrx_word' id='word_1_141' title='bbox 234 1790 366 1863; x_wconf 91' lang='lat' dir='ltr'><strong>urbium,</strong></span> <span class='ocrx_word' id='word_1_142' title='bbox 388 1792 473 1851; x_wconf 86' lang='lat' dir='ltr'><strong>lusos</strong></span> <span class='ocrx_word' id='word_1_143' title='bbox 497 1799 659 1869; x_wconf 89' lang='lat' dir='ltr'><strong>captosque</strong></span> <span class='ocrx_word' id='word_1_144' title='bbox 680 1810 780 1870; x_wconf 85' lang='lat' dir='ltr'><strong>reges,</strong></span> <span class='ocrx_word' id='word_1_145' title='bbox 809 1800 858 1851; x_wconf 85' lang='lat' dir='ltr'><strong>ant</strong></span> <span class='ocrx_word' id='word_1_146' title='bbox 880 1791 905 1850; x_wconf 92' lang='lat' dir='ltr'><strong>si</strong></span> <span class='ocrx_word' id='word_1_147' title='bbox 928 1789 1045 1867; x_wconf 87' lang='lat' dir='ltr'><strong>quando</strong></span> <span class='ocrx_word' id='word_1_148' title='bbox 1069 1791 1105 1848; x_wconf 91' lang='lat' dir='ltr'><strong>ad</strong></span> <span class='ocrx_word' id='word_1_149' title='bbox 1128 1791 1176 1850; x_wconf 92' lang='lat' dir='ltr'><strong>in-</strong></span> 
     </span>
     <span class='ocr_line' id='line_1_21' title="bbox 114 1873 1176 1952; baseline -0.001 -18"><span class='ocrx_word' id='word_1_150' title='bbox 114 1877 196 1940; x_wconf 77' lang='lat' dir='ltr'><strong>terna</strong></span> <span class='ocrx_word' id='word_1_151' title='bbox 218 1882 456 1952; x_wconf 87' lang='lat' dir='ltr'><strong>praeverterent,</strong></span> <span class='ocrx_word' id='word_1_152' title='bbox 484 1875 647 1936; x_wconf 87' lang='lat' dir='ltr'><strong>discordias</strong></span> <span class='ocrx_word' id='word_1_153' title='bbox 671 1875 826 1936; x_wconf 88' lang='lat' dir='ltr'><strong>consulum</strong></span> <span class='ocrx_word' id='word_1_154' title='bbox 849 1874 1004 1934; x_wconf 91' lang='lat' dir='ltr'><strong>adversum</strong></span> <span class='ocrx_word' id='word_1_155' title='bbox 1028 1873 1176 1947; x_wconf 62' lang='lat' dir='ltr'><strong>tribunos</strong></span> 
     </span>
     <span class='ocr_line' id='line_1_22' title="bbox 111 1954 1175 2038; baseline -0.001 -19"><span class='ocrx_word' id='word_1_156' title='bbox 111 1959 241 2037; x_wconf 82' lang='lat' dir='ltr'><strong>agrarias</strong></span> <span class='ocrx_word' id='word_1_157' title='bbox 264 1959 529 2038; x_wconf 81' lang='lat' dir='ltr'><strong>frumentariasque</strong></span> <span class='ocrx_word' id='word_1_158' title='bbox 558 1961 653 2037; x_wconf 86' lang='lat' dir='ltr'><strong>leges,</strong></span> <span class='ocrx_word' id='word_1_159' title='bbox 682 1954 786 2038; x_wconf 81' lang='lat' dir='ltr'><strong>plebis</strong></span> <span class='ocrx_word' id='word_1_160' title='bbox 808 1966 837 2019; x_wconf 89' lang='lat' dir='ltr'><strong>et</strong></span> <span class='ocrx_word' id='word_1_161' title='bbox 864 1958 1048 2035; x_wconf 88' lang='lat' dir='ltr'><strong>optimatium</strong></span> <span class='ocrx_word' id='word_1_162' title='bbox 1078 1967 1175 2018; x_wconf 86' lang='lat' dir='ltr'><strong>certa-</strong></span> 
     </span>
     <span class='ocr_line' id='line_1_23' title="bbox 111 2041 1223 2122; baseline 0 -19"><span class='ocrx_word' id='word_1_163' title='bbox 111 2043 191 2113; x_wconf 83' lang='lat' dir='ltr'><strong>mina</strong></span> <span class='ocrx_word' id='word_1_164' title='bbox 212 2043 306 2105; x_wconf 88' lang='lat' dir='ltr'><strong>libero</strong></span> <span class='ocrx_word' id='word_1_165' title='bbox 329 2061 452 2122; x_wconf 84' lang='lat' dir='ltr'><strong>egressu</strong></span> <span class='ocrx_word' id='word_1_166' title='bbox 473 2044 684 2115; x_wconf 85' lang='lat' dir='ltr'><strong>memorabant.</strong></span> <span class='ocrx_word' id='word_1_167' title='bbox 723 2041 816 2103; x_wconf 90' lang='lat' dir='ltr'><strong>Nobis</strong></span> <span class='ocrx_word' id='word_1_168' title='bbox 839 2042 869 2100; x_wconf 92' lang='lat' dir='ltr'><strong>in</strong></span> <span class='ocrx_word' id='word_1_169' title='bbox 892 2050 956 2101; x_wconf 91' lang='lat' dir='ltr'><strong>arto</strong></span> <span class='ocrx_word' id='word_1_170' title='bbox 979 2050 1010 2103; x_wconf 91' lang='lat' dir='ltr'><strong>et</strong></span> <span class='ocrx_word' id='word_1_171' title='bbox 1031 2042 1173 2120; x_wconf 89' lang='lat' dir='ltr'><strong>inglorius</strong></span> <span class='ocrx_word' id='word_1_172' title='bbox 1186 2053 1223 2103; x_wconf 81' lang='grc'><strong>11)</strong></span> 
     </span>
     <span class='ocr_line' id='line_1_24' title="bbox 112 2126 1175 2206; baseline -0.002 -18"><span class='ocrx_word' id='word_1_173' title='bbox 112 2127 211 2195; x_wconf 80' lang='lat' dir='ltr'><strong>labor:</strong></span> <span class='ocrx_word' id='word_1_174' title='bbox 235 2129 357 2191; x_wconf 88' lang='lat' dir='ltr'><strong>immota</strong></span> <span class='ocrx_word' id='word_1_175' title='bbox 379 2127 487 2206; x_wconf 80' lang='lat' dir='ltr'><strong>quippe</strong></span> <span class='ocrx_word' id='word_1_176' title='bbox 509 2137 557 2188; x_wconf 89' lang='lat' dir='ltr'><strong>ant</strong></span> <span class='ocrx_word' id='word_1_177' title='bbox 579 2127 694 2187; x_wconf 89' lang='lat' dir='ltr'><strong>modice</strong></span> <span class='ocrx_word' id='word_1_178' title='bbox 716 2126 849 2187; x_wconf 89' lang='lat' dir='ltr'><strong>lacessita</strong></span> <span class='ocrx_word' id='word_1_179' title='bbox 872 2145 938 2203; x_wconf 85' lang='lat' dir='ltr'><strong>pax,</strong></span> <span class='ocrx_word' id='word_1_180' title='bbox 969 2139 1099 2188; x_wconf 90' lang='lat' dir='ltr'><strong>maestae</strong></span> <span class='ocrx_word' id='word_1_181' title='bbox 1122 2146 1175 2187; x_wconf 86' lang='lat' dir='ltr'><strong>nr-</strong></span> 
     </span>
     <span class='ocr_line' id='line_1_25' title="bbox 112 2210 1174 2292; baseline -0.002 -20"><span class='ocrx_word' id='word_1_182' title='bbox 112 2211 159 2272; x_wconf 83' lang='lat' dir='ltr'><strong>bis</strong></span> <span class='ocrx_word' id='word_1_183' title='bbox 182 2230 231 2280; x_wconf 87' lang='lat' dir='ltr'><strong>res</strong></span> <span class='ocrx_word' id='word_1_184' title='bbox 255 2221 284 2275; x_wconf 84' lang='lat' dir='ltr'><strong>ot</strong></span> <span class='ocrx_word' id='word_1_185' title='bbox 305 2214 444 2292; x_wconf 89' lang='lat' dir='ltr'><strong>princeps</strong></span> <span class='ocrx_word' id='word_1_186' title='bbox 468 2211 634 2288; x_wconf 81' lang='lat' dir='ltr'><strong>proterendi</strong></span> <span class='ocrx_word' id='word_1_187' title='bbox 665 2210 769 2287; x_wconf 89' lang='lat' dir='ltr'><strong>imperi</strong></span> <span class='ocrx_word' id='word_1_188' title='bbox 797 2211 964 2271; x_wconf 85' lang='lat' dir='ltr'><strong>incuriosus</strong></span> <span class='ocrx_word' id='word_1_189' title='bbox 994 2221 1065 2272; x_wconf 87' lang='lat' dir='ltr'><strong>erat.</strong></span> <span class='ocrx_word' id='word_1_190' title='bbox 1109 2212 1174 2271; x_wconf 88' lang='lat' dir='ltr'><strong>Non</strong></span> 
     </span>
     <span class='ocr_line' id='line_1_26' title="bbox 113 2294 1175 2373; baseline 0 -17"><span class='ocrx_word' id='word_1_191' title='bbox 113 2303 210 2357; x_wconf 73' lang='lat' dir='ltr'><strong>nmen</strong></span> <span class='ocrx_word' id='word_1_192' title='bbox 233 2296 297 2356; x_wconf 89' lang='lat' dir='ltr'><strong>sine</strong></span> <span class='ocrx_word' id='word_1_193' title='bbox 320 2316 376 2358; x_wconf 88' lang='lat' dir='ltr'><strong>usu</strong></span> <span class='ocrx_word' id='word_1_194' title='bbox 398 2297 486 2356; x_wconf 86' lang='lat' dir='ltr'><strong>luerit</strong></span> <span class='ocrx_word' id='word_1_195' title='bbox 513 2294 709 2372; x_wconf 85' lang='lat' dir='ltr'><strong>introspicere</strong></span> <span class='ocrx_word' id='word_1_196' title='bbox 737 2294 784 2353; x_wconf 91' lang='lat' dir='ltr'><strong>illa</strong></span> <span class='ocrx_word' id='word_1_197' title='bbox 812 2294 907 2371; x_wconf 91' lang='lat' dir='ltr'><strong>primo</strong></span> <span class='ocrx_word' id='word_1_198' title='bbox 939 2306 1061 2373; x_wconf 83' lang='lat' dir='ltr'><strong>aspectu</strong></span> <span class='ocrx_word' id='word_1_199' title='bbox 1091 2297 1175 2366; x_wconf 80' lang='lat' dir='ltr'><strong>levia,</strong></span> 
     </span>
    </p>

    <p class='ocr_par' dir='ltr' id='par_1_13' title="bbox 61 2379 1271 2631">
     <span class='ocr_line' id='line_1_27' title="bbox 61 2379 1175 2467; baseline -0.003 -25"><span class='ocrx_word' id='word_1_200' title='bbox 61 2381 100 2442; x_wconf 89' lang='grc'><strong>33</strong></span> <span class='ocrx_word' id='word_1_201' title='bbox 114 2399 148 2440; x_wconf 84' lang='lat' dir='ltr'><strong>ex</strong></span> <span class='ocrx_word' id='word_1_202' title='bbox 171 2380 237 2458; x_wconf 86' lang='lat' dir='ltr'><strong>quis</strong></span> <span class='ocrx_word' id='word_1_203' title='bbox 260 2399 430 2467; x_wconf 83' lang='lat' dir='ltr'><strong>magnarum</strong></span> <span class='ocrx_word' id='word_1_204' title='bbox 453 2397 542 2454; x_wconf 89' lang='lat' dir='ltr'><strong>saepe</strong></span> <span class='ocrx_word' id='word_1_205' title='bbox 557 2395 658 2436; x_wconf 89' lang='lat' dir='ltr'><strong>rerum</strong></span> <span class='ocrx_word' id='word_1_206' title='bbox 673 2384 770 2436; x_wconf 89' lang='lat' dir='ltr'><strong>motus</strong></span> <span class='ocrx_word' id='word_1_207' title='bbox 786 2379 932 2439; x_wconf 87' lang='lat' dir='ltr'><strong>oriuntur</strong></span> <span class='ocrx_word' id='word_1_208' title='bbox 967 2380 1041 2439; x_wconf 89' lang='lat' dir='ltr'><strong>Nam</strong></span> <span class='ocrx_word' id='word_1_209' title='bbox 1056 2389 1175 2440; x_wconf 84' lang='lat' dir='ltr'><strong>currotas</strong></span> 
     </span>
     <span class='ocr_line' id='line_1_28' title="bbox 111 2448 1271 2540; baseline 0 -16"><span class='ocrx_word' id='word_1_210' title='bbox 111 2464 249 2526; x_wconf 79' lang='lat' dir='ltr'><strong>nauones</strong></span> <span class='ocrx_word' id='word_1_211' title='bbox 277 2475 306 2526; x_wconf 86' lang='lat' dir='ltr'><strong>et</strong></span> <span class='ocrx_word' id='word_1_212' title='bbox 335 2448 423 2525; x_wconf 86' lang='lat' dir='ltr'><strong>nrbes</strong></span> <span class='ocrx_word' id='word_1_213' title='bbox 451 2461 578 2539; x_wconf 90' lang='lat' dir='ltr'><strong>populns</strong></span> <span class='ocrx_word' id='word_1_214' title='bbox 607 2468 657 2520; x_wconf 89' lang='lat' dir='ltr'><strong>aut</strong></span> <span class='ocrx_word' id='word_1_215' title='bbox 678 2459 824 2538; x_wconf 87' lang='lat' dir='ltr'><strong>primores</strong></span> <span class='ocrx_word' id='word_1_216' title='bbox 847 2471 897 2522; x_wconf 89' lang='lat' dir='ltr'><strong>aut</strong></span> <span class='ocrx_word' id='word_1_217' title='bbox 918 2463 1024 2540; x_wconf 83' lang='lat' dir='ltr'><strong>singuli</strong></span> <span class='ocrx_word' id='word_1_218' title='bbox 1047 2472 1168 2540; x_wconf 88' lang='lat' dir='ltr'><strong>regunt:</strong></span> <span class='ocrx_word' id='word_1_219' title='bbox 1180 2476 1219 2524; x_wconf 69' lang='lat'><strong>25</strong></span> <span class='ocrx_word' id='word_1_220' title='bbox 1263 2455 1271 2472; x_wconf 70' lang='lat'>⁸</span> 
     </span>
     <span class='ocr_line' id='line_1_29' title="bbox 113 2543 1172 2631; baseline -0.004 -21"><span class='ocrx_word' id='word_1_221' title='bbox 113 2548 223 2619; x_wconf 89' lang='lat' dir='ltr'><strong>delecta</strong></span> <span class='ocrx_word' id='word_1_222' title='bbox 247 2568 282 2609; x_wconf 84' lang='lat' dir='ltr'><strong>ex</strong></span> <span class='ocrx_word' id='word_1_223' title='bbox 304 2549 341 2609; x_wconf 93' lang='lat' dir='ltr'><strong>iis</strong></span> <span class='ocrx_word' id='word_1_224' title='bbox 365 2555 395 2608; x_wconf 89' lang='lat' dir='ltr'><strong>et</strong></span> <span class='ocrx_word' id='word_1_225' title='bbox 417 2545 600 2606; x_wconf 88' lang='lat' dir='ltr'><strong>consociata</strong></span> <span class='ocrx_word' id='word_1_226' title='bbox 615 2544 658 2604; x_wconf 87' lang='lat' dir='ltr'><strong>rei</strong></span> <span class='ocrx_word' id='word_1_227' title='bbox 686 2543 819 2623; x_wconf 89' lang='lat' dir='ltr'><strong>publicae</strong></span> <span class='ocrx_word' id='word_1_228' title='bbox 851 2548 945 2631; x_wconf 69' lang='lat' dir='ltr'><strong>imma</strong></span> <span class='ocrx_word' id='word_1_229' title='bbox 966 2547 1076 2608; x_wconf 87' lang='lat' dir='ltr'><strong>landari</strong></span> <span class='ocrx_word' id='word_1_230' title='bbox 1100 2547 1172 2607; x_wconf 79' lang='lat' dir='ltr'><strong>laci-</strong></span> 
     </span>
    </p>
   </div>
   <div class='ocr_carea' id='block_1_5' title="bbox 72 2758 618 3971">
    <p class='ocr_par' dir='ltr' id='par_1_14' title="bbox 106 2758 618 3228">
     <span class='ocr_line' id='line_1_30' title="bbox 108 2758 618 2825; baseline 0 -15"><span class='ocrx_word' id='word_1_231' title='bbox 108 2782 122 2810; x_wconf 79' lang='lat'><strong>·</strong></span> <span class='ocrx_word' id='word_1_232' title='bbox 143 2758 191 2821; x_wconf 76' lang='grc'><strong>31</strong></span> <span class='ocrx_word' id='word_1_233' title='bbox 225 2768 244 2815; x_wconf 92' lang='lat' dir='ltr'><strong>l.</strong></span> <span class='ocrx_word' id='word_1_234' title='bbox 262 2760 448 2825; x_wconf 31' lang='lat' dir='ltr'><strong>PQSuollinm</strong></span> <span class='ocrx_word' id='word_1_235' title='bbox 467 2762 511 2811; x_wconf 90' lang='lat' dir='ltr'><strong>mit</strong></span> <span class='ocrx_word' id='word_1_236' title='bbox 529 2762 618 2811; x_wconf 78' lang='lat' dir='ltr'><strong>Beinn</strong></span> 
     </span>
     <span class='ocr_line' id='line_1_31' title="bbox 108 2828 616 2892; baseline -0.012 -9"><span class='ocrx_word' id='word_1_237' title='bbox 108 2831 266 2892; x_wconf 60' lang='lat' dir='ltr'><strong>manlium-r,</strong></span> <span class='ocrx_word' id='word_1_238' title='bbox 283 2829 442 2881; x_wconf 73' lang='lat' dir='ltr'><strong>Hulblrruder</strong></span> <span class='ocrx_word' id='word_1_239' title='bbox 453 2831 497 2878; x_wconf 88' lang='lat' dir='ltr'><strong>des</strong></span> <span class='ocrx_word' id='word_1_240' title='bbox 509 2828 616 2878; x_wconf 83' lang='lat' dir='ltr'><strong>Corbulo</strong></span> 
     </span>
     <span class='ocr_line' id='line_1_32' title="bbox 108 2896 616 2959; baseline -0.014 -9"><span class='ocrx_word' id='word_1_241' title='bbox 108 2904 139 2959; x_wconf 80' lang='lat' dir='ltr'><strong>ts.</strong></span> <span class='ocrx_word' id='word_1_242' title='bbox 153 2915 183 2949; x_wconf 85' lang='lat' dir='ltr'><strong>zu</strong></span> <span class='ocrx_word' id='word_1_243' title='bbox 196 2896 239 2951; x_wconf 85' lang='grc'><strong>111.</strong></span> <span class='ocrx_word' id='word_1_244' title='bbox 250 2898 301 2957; x_wconf 81' lang='grc'><strong>31),</strong></span> <span class='ocrx_word' id='word_1_245' title='bbox 323 2898 367 2947; x_wconf 87' lang='lat' dir='ltr'><strong>mit</strong></span> <span class='ocrx_word' id='word_1_246' title='bbox 384 2897 430 2948; x_wconf 85' lang='lat' dir='ltr'><strong>det</strong></span> <span class='ocrx_word' id='word_1_247' title='bbox 442 2896 551 2946; x_wconf 86' lang='lat' dir='ltr'><strong>Toolrtor</strong></span> <span class='ocrx_word' id='word_1_248' title='bbox 568 2911 616 2943; x_wconf 85' lang='lat' dir='ltr'><strong>von</strong></span> 
     </span>
     <span class='ocr_line' id='line_1_33' title="bbox 109 2962 617 3015; baseline -0.008 0"><span class='ocrx_word' id='word_1_249' title='bbox 109 2966 186 3015; x_wconf 87' lang='lat' dir='ltr'><strong>Ovids</strong></span> <span class='ocrx_word' id='word_1_250' title='bbox 204 2963 272 3011; x_wconf 80' lang='lat' dir='ltr'><strong>Frau</strong></span> <span class='ocrx_word' id='word_1_251' title='bbox 291 2978 336 3012; x_wconf 88' lang='lat' dir='ltr'><strong>nus</strong></span> <span class='ocrx_word' id='word_1_252' title='bbox 355 2964 425 3012; x_wconf 91' lang='lat' dir='ltr'><strong>einer</strong></span> <span class='ocrx_word' id='word_1_253' title='bbox 444 2962 617 3012; x_wconf 75' lang='lat' dir='ltr'><strong>fraternum</strong></span> 
     </span>
     <span class='ocr_line' id='line_1_34' title="bbox 106 3028 613 3091; baseline -0.01 -8"><span class='ocrx_word' id='word_1_254' title='bbox 106 3030 286 3091; x_wconf 83' lang='lat' dir='ltr'><strong>verheirntlret</strong></span> <span class='ocrx_word' id='word_1_255' title='bbox 324 3030 388 3084; x_wconf 84' lang='lat' dir='ltr'><strong>Plio</strong></span> <span class='ocrx_word' id='word_1_256' title='bbox 409 3030 466 3080; x_wconf 83' lang='lat' dir='ltr'><strong>nist</strong></span> <span class='ocrx_word' id='word_1_257' title='bbox 488 3037 539 3078; x_wconf 85' lang='lat' dir='ltr'><strong>nat.</strong></span> <span class='ocrx_word' id='word_1_258' title='bbox 559 3028 613 3079; x_wconf 93' lang='lat' dir='ltr'><strong>Vll.</strong></span> 
     </span>
     <span class='ocr_line' id='line_1_35' title="bbox 108 3096 596 3157; baseline 0.006 -12"><span class='ocrx_word' id='word_1_259' title='bbox 108 3102 132 3157; x_wconf 87' lang='lat'><strong>5,</strong></span> <span class='ocrx_word' id='word_1_260' title='bbox 142 3099 183 3149; x_wconf 85' lang='lat'><strong>39.</strong></span> <span class='ocrx_word' id='word_1_261' title='bbox 222 3096 295 3146; x_wconf 87' lang='lat' dir='ltr'><strong>Ovid.</strong></span> <span class='ocrx_word' id='word_1_262' title='bbox 316 3113 348 3147; x_wconf 85' lang='lat' dir='ltr'><strong>ex</strong></span> <span class='ocrx_word' id='word_1_263' title='bbox 366 3097 394 3146; x_wconf 88' lang='lat' dir='ltr'><strong>P.</strong></span> <span class='ocrx_word' id='word_1_264' title='bbox 412 3096 487 3153; x_wconf 84' lang='lat' dir='ltr'><strong>lV.8‚</strong></span> <span class='ocrx_word' id='word_1_265' title='bbox 504 3099 542 3146; x_wconf 97' lang='grc'><strong>11.</strong></span> <span class='ocrx_word' id='word_1_266' title='bbox 555 3099 596 3148; x_wconf 82' lang='grc'><strong>31).</strong></span> 
     </span>
     <span class='ocr_line' id='line_1_36' title="bbox 141 3163 569 3228; baseline -0.005 -12"><span class='ocrx_word' id='word_1_267' title='bbox 141 3168 165 3216; x_wconf 94' lang='grc'><strong>4.</strong></span> <span class='ocrx_word' id='word_1_268' title='bbox 185 3165 367 3228; x_wconf 77' lang='lat' dir='ltr'><strong>obstringeret.</strong></span> <span class='ocrx_word' id='word_1_269' title='bbox 404 3163 429 3213; x_wconf 89' lang='lat' dir='ltr'><strong>S.</strong></span> <span class='ocrx_word' id='word_1_270' title='bbox 450 3179 481 3213; x_wconf 91' lang='lat' dir='ltr'><strong>zu</strong></span> <span class='ocrx_word' id='word_1_271' title='bbox 498 3163 518 3213; x_wconf 93' lang='lat' dir='ltr'><strong>l.</strong></span> <span class='ocrx_word' id='word_1_272' title='bbox 530 3167 569 3214; x_wconf 91' lang='grc'><strong>14</strong></span> 
     </span>
    </p>

    <p class='ocr_par' dir='ltr' id='par_1_15' title="bbox 72 3231 617 3423">
     <span class='ocr_line' id='line_1_37' title="bbox 72 3231 614 3295; baseline 0.002 -15"><span class='ocrx_word' id='word_1_273' title='bbox 72 3275 77 3280; x_wconf 88' lang='lat'><strong>.</strong></span> <span class='ocrx_word' id='word_1_274' title='bbox 142 3233 165 3283; x_wconf 88' lang='lat'><strong>6.</strong></span> <span class='ocrx_word' id='word_1_275' title='bbox 186 3246 262 3295; x_wconf 80' lang='lat' dir='ltr'><strong>quem</strong></span> <span class='ocrx_word' id='word_1_276' title='bbox 279 3231 483 3281; x_wconf 80' lang='lat' dir='ltr'><strong>vidit—usum.</strong></span> <span class='ocrx_word' id='word_1_277' title='bbox 520 3231 546 3281; x_wconf 86' lang='lat' dir='ltr'><strong>S.</strong></span> <span class='ocrx_word' id='word_1_278' title='bbox 568 3231 614 3281; x_wconf 83' lang='lat' dir='ltr'><strong>Xl.</strong></span> 
     </span>
     <span class='ocr_line' id='line_1_38' title="bbox 109 3297 617 3351; baseline -0.004 0"><span class='ocrx_word' id='word_1_279' title='bbox 109 3301 167 3351; x_wconf 83' lang='lat'><strong>1.4.</strong></span> <span class='ocrx_word' id='word_1_280' title='bbox 180 3302 203 3349; x_wconf 84' lang='grc'><strong>5,</strong></span> <span class='ocrx_word' id='word_1_281' title='bbox 223 3297 396 3350; x_wconf 89' lang='grc' dir='ltr'><strong>Χ111.41.43.</strong></span> <span class='ocrx_word' id='word_1_282' title='bbox 426 3299 461 3346; x_wconf 81' lang='grc' dir='ltr'><strong>Ει</strong></span> <span class='ocrx_word' id='word_1_283' title='bbox 480 3314 535 3347; x_wconf 54' lang='lat' dir='ltr'><strong>urar</strong></span> <span class='ocrx_word' id='word_1_284' title='bbox 553 3299 617 3349; x_wconf 86' lang='lat' dir='ltr'><strong>Con-</strong></span> 
     </span>
     <span class='ocr_line' id='line_1_39' title="bbox 107 3364 613 3423; baseline 0.002 -8"><span class='ocrx_word' id='word_1_285' title='bbox 107 3365 147 3415; x_wconf 86' lang='lat' dir='ltr'><strong>sul</strong></span> <span class='ocrx_word' id='word_1_286' title='bbox 165 3364 416 3419; x_wconf 66' lang='lat' dir='ltr'><strong>senonensem.</strong></span> <span class='ocrx_word' id='word_1_287' title='bbox 442 3365 507 3415; x_wconf 89' lang='lat' dir='ltr'><strong>Mur.</strong></span> <span class='ocrx_word' id='word_1_288' title='bbox 520 3368 576 3423; x_wconf 84' lang='grc'><strong>304,</strong></span> <span class='ocrx_word' id='word_1_289' title='bbox 589 3371 613 3419; x_wconf 89' lang='grc'><strong>4.</strong></span> 
     </span>
    </p>

    <p class='ocr_par' dir='ltr' id='par_1_16' title="bbox 75 3432 613 3553">
     <span class='ocr_line' id='line_1_40' title="bbox 75 3432 613 3553; baseline 0.002 -69"><span class='ocrx_word' id='word_1_290' title='bbox 75 3434 79 3439; x_wconf 85' lang='grc'><strong><em>’</em></strong></span> <span class='ocrx_word' id='word_1_291' title='bbox 107 3432 330 3553; x_wconf 58' lang='grc' dir='ltr'><strong>18113ᾸΧΧΧ11111.</strong></span> <span class='ocrx_word' id='word_1_292' title='bbox 350 3436 374 3491; x_wconf 91' lang='grc'><strong>4,</strong></span> <span class='ocrx_word' id='word_1_293' title='bbox 395 3435 406 3483; x_wconf 91' lang='grc'><strong>1</strong></span> <span class='ocrx_word' id='word_1_294' title='bbox 425 3448 463 3499; x_wconf 89' lang='lat' dir='ltr'><strong>pr.</strong></span> <span class='ocrx_word' id='word_1_295' title='bbox 489 3433 549 3484; x_wconf 88' lang='lat' dir='ltr'><strong>lust.</strong></span> <span class='ocrx_word' id='word_1_296' title='bbox 570 3435 613 3485; x_wconf 90' lang='lat' dir='ltr'><strong>lll.</strong></span> 
     </span>
    </p>

    <p class='ocr_par' dir='ltr' id='par_1_17' title="bbox 126 3502 475 3622">
     <span class='ocr_line' id='line_1_41' title="bbox 126 3502 475 3622; baseline -0.014 0"><span class='ocrx_word' id='word_1_297' title='bbox 126 3502 162 3622; x_wconf 62' lang='grc' dir='ltr'><strong>ἓ.</strong></span> <span class='ocrx_word' id='word_1_298' title='bbox 181 3570 328 3621; x_wconf 80' lang='lat' dir='ltr'><strong>etreltulr&#39;.</strong></span> <span class='ocrx_word' id='word_1_299' title='bbox 364 3567 475 3619; x_wconf 79' lang='grc'><strong>111111.</strong></span> 
     </span>
    </p>

    <p class='ocr_par' dir='ltr' id='par_1_18' title="bbox 103 3629 615 3903">
     <span class='ocr_line' id='line_1_42' title="bbox 138 3629 614 3702; baseline -0.002 -13"><span class='ocrx_word' id='word_1_300' title='bbox 138 3629 187 3694; x_wconf 75' lang='lat'><strong>33,</strong></span> <span class='ocrx_word' id='word_1_301' title='bbox 220 3641 257 3689; x_wconf 88' lang='grc'><strong>15.</strong></span> <span class='ocrx_word' id='word_1_302' title='bbox 281 3643 380 3687; x_wconf 77' lang='lat' dir='ltr'><strong>aeter-ee</strong></span> <span class='ocrx_word' id='word_1_303' title='bbox 400 3652 463 3702; x_wconf 86' lang='lat' dir='ltr'><strong>pop.</strong></span> <span class='ocrx_word' id='word_1_304' title='bbox 481 3636 587 3688; x_wconf 79' lang='lat' dir='ltr'><strong>nom.</strong></span> <span class='ocrx_word' id='word_1_305' title='bbox 572 3656 614 3690; x_wconf 80' lang='lat' dir='ltr'><strong>res</strong></span> 
     </span>
     <span class='ocr_line' id='line_1_43' title="bbox 104 3703 615 3757; baseline 0.004 -2"><span class='ocrx_word' id='word_1_306' title='bbox 104 3703 130 3755; x_wconf 83' lang='lat' dir='ltr'><strong>in</strong></span> <span class='ocrx_word' id='word_1_307' title='bbox 148 3705 290 3757; x_wconf 85' lang='lat' dir='ltr'><strong>demselben</strong></span> <span class='ocrx_word' id='word_1_308' title='bbox 309 3705 369 3754; x_wconf 88' lang='lat' dir='ltr'><strong>Sinn</strong></span> <span class='ocrx_word' id='word_1_309' title='bbox 388 3704 437 3753; x_wconf 89' lang='lat' dir='ltr'><strong>wie</strong></span> <span class='ocrx_word' id='word_1_310' title='bbox 455 3703 473 3754; x_wconf 92' lang='lat' dir='ltr'><strong>l.</strong></span> <span class='ocrx_word' id='word_1_311' title='bbox 490 3709 500 3756; x_wconf 92' lang='lat' dir='ltr'><strong>l</strong></span> <span class='ocrx_word' id='word_1_312' title='bbox 520 3710 615 3757; x_wconf 64' lang='lat' dir='ltr'><strong>uctredo</strong></span> 
     </span>
     <span class='ocr_line' id='line_1_44' title="bbox 103 3772 612 3841; baseline 0.004 -18"><span class='ocrx_word' id='word_1_313' title='bbox 103 3773 200 3836; x_wconf 79' lang='lat' dir='ltr'><strong>populi</strong></span> <span class='ocrx_word' id='word_1_314' title='bbox 215 3772 330 3841; x_wconf 67' lang='lat' dir='ltr'><strong>Romam*</strong></span> <span class='ocrx_word' id='word_1_315' title='bbox 344 3787 474 3837; x_wconf 77' lang='lat' dir='ltr'><strong>prospera</strong></span> <span class='ocrx_word' id='word_1_316' title='bbox 502 3775 544 3823; x_wconf 85' lang='lat' dir='ltr'><strong>uel</strong></span> <span class='ocrx_word' id='word_1_317' title='bbox 566 3775 612 3825; x_wconf 86' lang='lat' dir='ltr'><strong>ad</strong></span> 
     </span>
     <span class='ocr_line' id='line_1_45' title="bbox 105 3839 612 3903; baseline 0.012 -17"><span class='ocrx_word' id='word_1_318' title='bbox 105 3853 189 3903; x_wconf 81' lang='lat' dir='ltr'><strong>verra,</strong></span> <span class='ocrx_word' id='word_1_319' title='bbox 208 3841 246 3890; x_wconf 84' lang='lat' dir='ltr'><strong>his</strong></span> <span class='ocrx_word' id='word_1_320' title='bbox 264 3855 310 3888; x_wconf 94' lang='lat' dir='ltr'><strong>zur</strong></span> <span class='ocrx_word' id='word_1_321' title='bbox 321 3839 437 3890; x_wconf 80' lang='lat' dir='ltr'><strong>Sontootn</strong></span> <span class='ocrx_word' id='word_1_322' title='bbox 454 3840 494 3890; x_wconf 82' lang='lat' dir='ltr'><strong>bei</strong></span> <span class='ocrx_word' id='word_1_323' title='bbox 506 3843 612 3892; x_wconf 79' lang='lat' dir='ltr'><strong>Actirun.</strong></span> 
     </span>
    </p>

    <p class='ocr_par' dir='ltr' id='par_1_19' title="bbox 141 3908 615 3971">
     <span class='ocr_line' id='line_1_46' title="bbox 141 3908 615 3971; baseline 0.006 -15"><span class='ocrx_word' id='word_1_324' title='bbox 141 3909 178 3957; x_wconf 85' lang='lat'><strong>16.</strong></span> <span class='ocrx_word' id='word_1_325' title='bbox 199 3909 381 3971; x_wconf 83' lang='lat' dir='ltr'><strong>oonpoeivcre,</strong></span> <span class='ocrx_word' id='word_1_326' title='bbox 401 3908 441 3956; x_wconf 87' lang='lat' dir='ltr'><strong>die</strong></span> <span class='ocrx_word' id='word_1_327' title='bbox 459 3909 538 3959; x_wconf 78' lang='lat' dir='ltr'><strong>ailtere</strong></span> <span class='ocrx_word' id='word_1_328' title='bbox 554 3909 615 3960; x_wconf 88' lang='lat' dir='ltr'><strong>Per-</strong></span> 
     </span>
    </p>
   </div>
   <div class='ocr_carea' id='block_1_6' title="bbox 665 2761 1183 3971">
    <p class='ocr_par' dir='ltr' id='par_1_20' title="bbox 668 2761 1180 2894">
     <span class='ocr_line' id='line_1_47' title="bbox 668 2761 1180 2822; baseline 0.008 -12"><span class='ocrx_word' id='word_1_329' title='bbox 668 2761 799 2811; x_wconf 77' lang='lat' dir='ltr'><strong>lectl&#39;orm:</strong></span> <span class='ocrx_word' id='word_1_330' title='bbox 840 2764 902 2812; x_wconf 86' lang='lat' dir='ltr'><strong>auch</strong></span> <span class='ocrx_word' id='word_1_331' title='bbox 926 2763 1008 2814; x_wconf 86' lang='lat' dir='ltr'><strong>Cotnll</strong></span> <span class='ocrx_word' id='word_1_332' title='bbox 1032 2766 1073 2822; x_wconf 87' lang='grc'><strong>34,</strong></span> <span class='ocrx_word' id='word_1_333' title='bbox 1093 2767 1108 2816; x_wconf 84' lang='grc'><strong>3</strong></span> <span class='ocrx_word' id='word_1_334' title='bbox 1136 2765 1180 2815; x_wconf 78' lang='lat' dir='ltr'><strong>ter</strong></span> 
     </span>
     <span class='ocr_line' id='line_1_48' title="bbox 668 2829 805 2894; baseline 0.023 -17"><span class='ocrx_word' id='word_1_335' title='bbox 668 2829 805 2894; x_wconf 78' lang='lat' dir='ltr'><strong>deposivit</strong></span> 
     </span>
    </p>

    <p class='ocr_par' dir='ltr' id='par_1_21' title="bbox 666 2899 1183 3150">
     <span class='ocr_line' id='line_1_49' title="bbox 703 2899 1183 2967; baseline 0.002 -19"><span class='ocrx_word' id='word_1_336' title='bbox 703 2899 741 2948; x_wconf 84' lang='lat'><strong>18.</strong></span> <span class='ocrx_word' id='word_1_337' title='bbox 771 2902 975 2963; x_wconf 77' lang='lat' dir='ltr'><strong>praeverterent</strong></span> <span class='ocrx_word' id='word_1_338' title='bbox 1004 2899 1069 2947; x_wconf 80' lang='lat' dir='ltr'><strong>‘sicli</strong></span> <span class='ocrx_word' id='word_1_339' title='bbox 1099 2915 1183 2967; x_wconf 80' lang='grc' dir='ltr'><strong>ιιιιοι</strong></span> 
     </span>
     <span class='ocr_line' id='line_1_50' title="bbox 667 2962 1182 3023; baseline 0.01 -12"><span class='ocrx_word' id='word_1_340' title='bbox 667 2965 805 3023; x_wconf 88' lang='lat' dir='ltr'><strong>wandten’,</strong></span> <span class='ocrx_word' id='word_1_341' title='bbox 834 2965 907 3014; x_wconf 81' lang='lat' dir='ltr'><strong>mind.</strong></span> <span class='ocrx_word' id='word_1_342' title='bbox 928 2966 974 3013; x_wconf 81' lang='lat' dir='ltr'><strong>elio</strong></span> <span class='ocrx_word' id='word_1_343' title='bbox 998 2965 1035 3013; x_wconf 87' lang='lat' dir='ltr'><strong>sie</strong></span> <span class='ocrx_word' id='word_1_344' title='bbox 1061 2965 1102 3014; x_wconf 90' lang='lat' dir='ltr'><strong>die</strong></span> <span class='ocrx_word' id='word_1_345' title='bbox 1120 2962 1182 3016; x_wconf 79' lang='lat' dir='ltr'><strong>aris-</strong></span> 
     </span>
     <span class='ocr_line' id='line_1_51' title="bbox 667 3032 1180 3095; baseline 0.008 -16"><span class='ocrx_word' id='word_1_346' title='bbox 667 3032 791 3094; x_wconf 76' lang='lat' dir='ltr'><strong>wdrtigen</strong></span> <span class='ocrx_word' id='word_1_347' title='bbox 811 3032 1009 3095; x_wconf 77' lang='lat' dir='ltr'><strong>Begelronlreiten</strong></span> <span class='ocrx_word' id='word_1_348' title='bbox 1028 3033 1120 3083; x_wconf 86' lang='lat' dir='ltr'><strong>weiter</strong></span> <span class='ocrx_word' id='word_1_349' title='bbox 1138 3049 1180 3083; x_wconf 87' lang='lat' dir='ltr'><strong>er-</strong></span> 
     </span>
     <span class='ocr_line' id='line_1_52' title="bbox 666 3098 775 3150; baseline 0.02 -4"><span class='ocrx_word' id='word_1_350' title='bbox 666 3098 775 3150; x_wconf 85' lang='lat' dir='ltr'><strong>zalrlten.</strong></span> 
     </span>
    </p>

    <p class='ocr_par' dir='ltr' id='par_1_22' title="bbox 668 3166 1181 3500">
     <span class='ocr_line' id='line_1_53' title="bbox 704 3166 1181 3231; baseline -0.002 -13"><span class='ocrx_word' id='word_1_351' title='bbox 704 3169 742 3218; x_wconf 81' lang='lat'><strong>20</strong></span> <span class='ocrx_word' id='word_1_352' title='bbox 763 3169 845 3218; x_wconf 83' lang='lat' dir='ltr'><strong>libero</strong></span> <span class='ocrx_word' id='word_1_353' title='bbox 864 3181 977 3231; x_wconf 78' lang='lat' dir='ltr'><strong>egressu.</strong></span> <span class='ocrx_word' id='word_1_354' title='bbox 1025 3166 1067 3216; x_wconf 86' lang='lat' dir='ltr'><strong>Sic</strong></span> <span class='ocrx_word' id='word_1_355' title='bbox 1092 3169 1181 3217; x_wconf 84' lang='lat' dir='ltr'><strong>hatten</strong></span> 
     </span>
     <span class='ocr_line' id='line_1_54' title="bbox 668 3234 1180 3296; baseline 0.006 -14"><span class='ocrx_word' id='word_1_356' title='bbox 668 3234 708 3282; x_wconf 90' lang='lat' dir='ltr'><strong>ein</strong></span> <span class='ocrx_word' id='word_1_357' title='bbox 732 3236 809 3285; x_wconf 82' lang='lat' dir='ltr'><strong>treies</strong></span> <span class='ocrx_word' id='word_1_358' title='bbox 837 3237 885 3284; x_wconf 91' lang='lat' dir='ltr'><strong>und</strong></span> <span class='ocrx_word' id='word_1_359' title='bbox 909 3234 1093 3296; x_wconf 81' lang='lat' dir='ltr'><strong>uusgedelmtes</strong></span> <span class='ocrx_word' id='word_1_360' title='bbox 1116 3235 1180 3286; x_wconf 76' lang='lat' dir='ltr'><strong>uere</strong></span> 
     </span>
     <span class='ocr_line' id='line_1_55' title="bbox 669 3302 1181 3364; baseline 0 -14"><span class='ocrx_word' id='word_1_361' title='bbox 669 3302 710 3351; x_wconf 86' lang='grc' dir='ltr'><strong>1ι1ι·</strong></span> <span class='ocrx_word' id='word_1_362' title='bbox 734 3303 774 3351; x_wconf 88' lang='lat' dir='ltr'><strong>die</strong></span> <span class='ocrx_word' id='word_1_363' title='bbox 799 3303 965 3364; x_wconf 80' lang='lat' dir='ltr'><strong>Betuaitigung</strong></span> <span class='ocrx_word' id='word_1_364' title='bbox 988 3302 1058 3351; x_wconf 85' lang='lat' dir='ltr'><strong>ihrer</strong></span> <span class='ocrx_word' id='word_1_365' title='bbox 1081 3303 1181 3353; x_wconf 79' lang='lat' dir='ltr'><strong>stilleti-</strong></span> 
     </span>
     <span class='ocr_line' id='line_1_56' title="bbox 668 3369 1179 3431; baseline 0.002 -12"><span class='ocrx_word' id='word_1_366' title='bbox 668 3371 742 3419; x_wconf 81' lang='lat' dir='ltr'><strong>senen</strong></span> <span class='ocrx_word' id='word_1_367' title='bbox 753 3370 842 3421; x_wconf 87' lang='lat' dir='ltr'><strong>Knnst.</strong></span> <span class='ocrx_word' id='word_1_368' title='bbox 865 3369 1011 3431; x_wconf 82' lang='lat' dir='ltr'><strong>Wirsagen</strong></span> <span class='ocrx_word' id='word_1_369' title='bbox 1026 3371 1179 3421; x_wconf 79' lang='lat' dir='ltr'><strong>‘nritl&#39;reiem</strong></span> 
     </span>
     <span class='ocr_line' id='line_1_57' title="bbox 668 3438 869 3500; baseline 0 -14"><span class='ocrx_word' id='word_1_370' title='bbox 668 3438 869 3500; x_wconf 80' lang='lat' dir='ltr'><strong>Aulscltwunge’.</strong></span> 
     </span>
    </p>

    <p class='ocr_par' dir='ltr' id='par_1_23' title="bbox 666 3507 1183 3701">
     <span class='ocr_line' id='line_1_58' title="bbox 702 3507 1183 3570; baseline -0.002 -14"><span class='ocrx_word' id='word_1_371' title='bbox 702 3507 741 3556; x_wconf 88' lang='grc'><strong>14.</strong></span> <span class='ocrx_word' id='word_1_372' title='bbox 773 3519 934 3570; x_wconf 79' lang='lat' dir='ltr'><strong>magnarum</strong></span> <span class='ocrx_word' id='word_1_373' title='bbox 967 3519 1059 3553; x_wconf 84' lang='lat' dir='ltr'><strong>rernm</strong></span> <span class='ocrx_word' id='word_1_374' title='bbox 1090 3509 1183 3555; x_wconf 75' lang='lat' dir='ltr'><strong>motus</strong></span> 
     </span>
     <span class='ocr_line' id='line_1_59' title="bbox 666 3571 1181 3634; baseline 0.002 -14"><span class='ocrx_word' id='word_1_375' title='bbox 666 3576 792 3622; x_wconf 67' lang='lat' dir='ltr'><strong>eruuntur</strong></span> <span class='ocrx_word' id='word_1_376' title='bbox 808 3599 843 3618; x_wconf 81' lang='lat'><strong>==</strong></span> <span class='ocrx_word' id='word_1_377' title='bbox 860 3587 946 3633; x_wconf 86' lang='lat' dir='ltr'><strong>grosse</strong></span> <span class='ocrx_word' id='word_1_378' title='bbox 965 3571 1045 3634; x_wconf 85' lang='lat' dir='ltr'><strong>Dioge</strong></span> <span class='ocrx_word' id='word_1_379' title='bbox 1073 3573 1181 3621; x_wconf 82' lang='lat' dir='ltr'><strong>werden</strong></span> 
     </span>
     <span class='ocr_line' id='line_1_60' title="bbox 666 3640 978 3701; baseline -0.007 -11"><span class='ocrx_word' id='word_1_380' title='bbox 666 3640 691 3690; x_wconf 89' lang='lat' dir='ltr'><strong>in</strong></span> <span class='ocrx_word' id='word_1_381' title='bbox 710 3641 854 3701; x_wconf 85' lang='lat' dir='ltr'><strong>Bewegung</strong></span> <span class='ocrx_word' id='word_1_382' title='bbox 871 3646 978 3700; x_wconf 84' lang='lat' dir='ltr'><strong>gesetzt.</strong></span> 
     </span>
    </p>

    <p class='ocr_par' dir='ltr' id='par_1_24' title="bbox 665 3696 1180 3971">
     <span class='ocr_line' id='line_1_61' title="bbox 699 3696 1180 3768; baseline -0.004 -10"><span class='ocrx_word' id='word_1_383' title='bbox 699 3700 747 3764; x_wconf 97' lang='lat'><strong>83</strong></span> <span class='ocrx_word' id='word_1_384' title='bbox 767 3709 806 3758; x_wconf 83' lang='grc'><strong>13.</strong></span> <span class='ocrx_word' id='word_1_385' title='bbox 819 3705 935 3768; x_wconf 66' lang='lat' dir='ltr'><strong>laudare,</strong></span> <span class='ocrx_word' id='word_1_386' title='bbox 945 3705 995 3755; x_wconf 89' lang='lat' dir='ltr'><strong>wie</strong></span> <span class='ocrx_word' id='word_1_387' title='bbox 1009 3722 1036 3756; x_wconf 90' lang='lat' dir='ltr'><strong>es</strong></span> <span class='ocrx_word' id='word_1_388' title='bbox 1048 3696 1180 3768; x_wconf 68' lang='lat' dir='ltr'><strong>geschielit</strong></span> 
     </span>
     <span class='ocr_line' id='line_1_62' title="bbox 665 3771 1175 3840; baseline 0 -17"><span class='ocrx_word' id='word_1_389' title='bbox 665 3791 712 3825; x_wconf 88' lang='lat' dir='ltr'><strong>von</strong></span> <span class='ocrx_word' id='word_1_390' title='bbox 732 3772 850 3840; x_wconf 77' lang='lat' dir='ltr'><strong>Polybius</strong></span> <span class='ocrx_word' id='word_1_391' title='bbox 861 3771 901 3822; x_wconf 88' lang='lat' dir='ltr'><strong>Vl</strong></span> <span class='ocrx_word' id='word_1_392' title='bbox 916 3774 930 3823; x_wconf 84' lang='lat'><strong>3</strong></span> <span class='ocrx_word' id='word_1_393' title='bbox 951 3789 974 3822; x_wconf 88' lang='lat' dir='ltr'><strong>u.</strong></span> <span class='ocrx_word' id='word_1_394' title='bbox 997 3774 1049 3824; x_wconf 82' lang='lat' dir='ltr'><strong>uio.</strong></span> <span class='ocrx_word' id='word_1_395' title='bbox 1071 3775 1102 3824; x_wconf 87' lang='lat' dir='ltr'><strong>de</strong></span> <span class='ocrx_word' id='word_1_396' title='bbox 1120 3791 1175 3839; x_wconf 89' lang='lat' dir='ltr'><strong>rep.</strong></span> 
     </span>
     <span class='ocr_line' id='line_1_63' title="bbox 665 3841 1177 3899; baseline 0 -8"><span class='ocrx_word' id='word_1_397' title='bbox 665 3841 684 3892; x_wconf 92' lang='lat' dir='ltr'><strong>l.</strong></span> <span class='ocrx_word' id='word_1_398' title='bbox 695 3844 734 3896; x_wconf 84' lang='grc'><strong>19,</strong></span> <span class='ocrx_word' id='word_1_399' title='bbox 745 3845 786 3892; x_wconf 90' lang='grc'><strong>45.</strong></span> <span class='ocrx_word' id='word_1_400' title='bbox 808 3842 847 3898; x_wconf 89' lang='grc'><strong>35,</strong></span> <span class='ocrx_word' id='word_1_401' title='bbox 860 3842 901 3890; x_wconf 86' lang='grc'><strong>54</strong></span> <span class='ocrx_word' id='word_1_402' title='bbox 921 3843 962 3897; x_wconf 91' lang='grc'><strong>45,</strong></span> <span class='ocrx_word' id='word_1_403' title='bbox 976 3843 1017 3893; x_wconf 82' lang='grc'><strong>63.</strong></span> <span class='ocrx_word' id='word_1_404' title='bbox 1038 3841 1068 3891; x_wconf 90' lang='lat' dir='ltr'><strong>ll.</strong></span> <span class='ocrx_word' id='word_1_405' title='bbox 1080 3845 1119 3899; x_wconf 89' lang='grc'><strong>13,</strong></span> <span class='ocrx_word' id='word_1_406' title='bbox 1132 3844 1177 3899; x_wconf 89' lang='grc'><strong>41,</strong></span> 
     </span>
     <span class='ocr_line' id='line_1_64' title="bbox 665 3907 1125 3971; baseline -0.007 -10"><span class='ocrx_word' id='word_1_407' title='bbox 665 3908 761 3961; x_wconf 82' lang='lat' dir='ltr'><strong>welche</strong></span> <span class='ocrx_word' id='word_1_408' title='bbox 780 3907 840 3959; x_wconf 82' lang='grc' dir='ltr'><strong>Τιιι,</strong></span> <span class='ocrx_word' id='word_1_409' title='bbox 861 3907 966 3958; x_wconf 77' lang='lat' dir='ltr'><strong>inierint</strong></span> <span class='ocrx_word' id='word_1_410' title='bbox 985 3912 1056 3971; x_wconf 77' lang='lat' dir='ltr'><strong>Ange</strong></span> <span class='ocrx_word' id='word_1_411' title='bbox 1075 3911 1125 3960; x_wconf 80' lang='lat' dir='ltr'><strong>hat.</strong></span> 
     </span>
    </p>
   </div>
   <div class='ocr_carea' id='block_1_7' title="bbox 0 0 1280 4350">
    <p class='ocr_par' dir='ltr' id='par_1_25' title="bbox 0 0 1280 4350">
     <span class='ocr_line' id='line_1_65' title="bbox 0 0 1280 4350; baseline 0 1"><span class='ocrx_word' id='word_1_412' title='bbox 0 0 1280 4350; x_wconf 95' lang='lat' dir='ltr'><strong> </strong></span> 
     </span>
    </p>
   </div>
  </div>
 </body>
</html>
