2550 4350
172 277 235 340 mo
462 270 465 274 ’
562 286 705 339 connum
721 286 832 340 onom
852 261 867 315 '·
984 304 987 310 ·
1096 292 1214 355 num

171 441 295 505 Romani
321 439 406 520 qnasi
432 449 568 520 perrupta
596 441 758 504 omiserint.
807 442 907 521 Neque
934 452 1029 502 tamen
1057 460 1212 520 pervasere

170 529 272 590 hostes
300 525 356 586 nisi
386 526 542 587 admodum
570 527 668 605 pauci:
701 537 830 597 eeteros,
865 526 959 587 deleto
991 527 1210 606 promptissimo

170 630 287 693 quoque
309 618 358 672 aut
379 611 489 683 saucio,
512 610 664 689 adpetente
686 612 742 672 iam
762 610 827 673 luce
848 620 962 673 trusere
983 610 1012 671 in
1028 630 1141 675 summa
1164 632 1211 674 oa-

170 698 257 771 stelli,
280 696 330 756 ubi
351 695 467 757 taudem
491 705 586 757 coacta
608 695 728 757 deditio.
764 696 801 757 m
820 696 950 775 proxima
972 704 1078 774 sponte
1101 697 1212 760 incola·

170 802 234 845 rum
257 789 382 860 recepta.
417 780 558 859 Reliquis,
581 800 638 860 quo
660 782 757 860 minus
779 781 807 841 vi
827 789 877 842 aut
899 780 1014 841 obsidio
1036 781 1239 858 subigerent

170 877 227 940 tur,
249 876 431 946 praematura
453 866 561 927 montis
582 865 684 926 Haemi
706 874 735 926 et
757 884 841 926 saeva
863 865 975 944 hiemps
996 865 1141 928 subvenit

116 957 157 1018 52
251 957 287 1015 ut
306 951 419 1011 Romae
440 961 584 1012 commota
606 950 746 1030 principis
768 951 871 1021 domo,
900 958 931 1010 ut
958 949 1051 1010 series
1073 952 1161 1013 loturi
1183 954 1211 1014 in

167 1037 353 1116 Agrippinam
383 1035 461 1096 exitii
488 1035 643 1113 inciperet,
677 1035 794 1096 Claudia
821 1035 958 1108 Pulchra,
988 1036 1106 1096 sobrina
1136 1038 1211 1110 eius,

167 1123 341 1202 postulatur,
363 1129 518 1181 accusante
540 1120 666 1180 Domitio
681 1121 760 1180 dlro.
804 1120 832 1181 ls
855 1138 957 1180 recens
979 1131 1122 1197 praetura,
1145 1141 1212 1183 mo-

166 1208 247 1268 dicus
269 1204 445 1283 dignationis
468 1214 497 1264 et
518 1223 636 1283 quoquo
657 1204 785 1265 facinore
799 1222 943 1284 properus
959 1203 1127 1285 clarescere,
1151 1208 1209 1267 cri·
1224 1219 1252 1268 to

166 1310 232 1353 men
255 1288 451 1367 inpudicitiae,
482 1289 643 1349 adulterum
665 1289 815 1359 Furnium,
842 1289 976 1350 veneficia
998 1289 1027 1348 in
1049 1291 1211 1369 prinoipem

167 1385 195 1437 et
218 1374 389 1435 devotiones
413 1370 585 1434 oblectabat.
633 1374 790 1453 Agrippina
818 1391 934 1450 semper
960 1383 1058 1446 atrox,
1095 1384 1214 1438 tumet

165 1459 295 1540 periculo
323 1457 503 1537 propinquae
531 1477 667 1528 accenso,
699 1459 794 1538 pergit
821 1459 856 1518 ad
879 1457 1043 1531 Tiberium,
1075 1476 1121 1520 ac·
1137 1462 1212 1522 forte

166 1544 375 1606 sacrificantem
396 1543 471 1622 patri
492 1543 610 1623 reperit.
654 1543 720 1615 Quo
742 1542 824 1603 initio
845 1543 979 1615 invidiae,
1002 1561 1059 1604 non
1081 1545 1210 1606 eiusdem

167 1629 208 1691 ait
229 1637 356 1690 mactare
378 1628 443 1688 divo
463 1628 593 1706 Augusto
616 1628 745 1689 victimas
767 1635 796 1689 et
816 1637 955 1707 posteros
978 1627 1041 1688 eius
1062 1627 1208 1690 insectari.
1224 1641 1254 1691 tf>

165 1715 231 1776 Non
253 1715 282 1775 in
304 1713 416 1792 effigies
438 1721 534 1774 mutas
557 1712 683 1774 divinum
704 1713 838 1792 spiritum
855 1714 1048 1784 translusum;
1070 1713 1122 1774 sed
1136 1714 1211 1776 ima·

103 1859 113 1878 .
166 1801 263 1880 ginem
285 1818 399 1869 veram,
433 1797 548 1859 caelesti
572 1799 711 1875 sanguine
733 1807 826 1859 ortam
854 1797 1021 1875 intellegere
1043 1798 1211 1869 discrimen,

165 1884 316 1965 suscipere
338 1884 453 1944 sordes·
487 1884 604 1944 Frustra
619 1884 772 1945 Pulchram
795 1881 962 1961 praescribi,
985 1883 1029 1943 oui
1050 1885 1114 1945 sola
1135 1885 1212 1946 exitii

167 1989 253 2032 causa
275 1969 314 2030 sit
335 1969 412 2048 quod
435 1968 619 2047 Agrippinam
642 1968 729 2028 stulte
751 1986 875 2047 prorsus
906 1967 941 2027 ad
963 1966 1070 2028 cultum
1093 1969 1210 2049 delege-

165 2056 218 2125 rit,
241 2055 339 2115 'oblita
366 2054 470 2114 Sosiae
498 2052 536 2112 ob
564 2053 663 2113 eadem
692 2054 831 2114 addictae.
885 2052 987 2112 Audita
1015 2051 1087 2113 llaec
1116 2062 1249 2115 raramtu

166 2139 270 2201 occulti
291 2139 421 2217 pectoris
449 2155 548 2198 rocem
577 2136 719 2209 elicuere3
750 2145 970 2216 correptamque
989 2136 1103 2198 Graeco
1125 2158 1210 2201 versu

164 2222 316 2285 admonuit
337 2241 394 2282 non
417 2222 484 2281 ideo
506 2220 590 2291 laedi,
613 2220 679 2299 quia
700 2240 759 2282 non
780 2230 924 2300 regnaret.
955 2222 1078 2282 Pulchra
1093 2234 1123 2283 et
1136 2224 1210 2284 For·

72 2348 73 2353 κ
164 2309 231 2369 niue
253 2308 434 2367 damnantur.
470 2306 538 2365 Aler
558 2304 738 2383 prirnoribus
754 2317 903 2368 oratorum
919 2307 1043 2380 additus,
1066 2307 1209 2387 divulgato

196 2444 218 2494 l.
247 2445 337 2490 concta
364 2439 461 2489 deditio
488 2438 661 2502 ‘erzwungen',
714 2440 783 2504 eder,
802 2439 874 2491 Coos.
895 2440 926 2492 38
944 2440 1031 2495 net..
1058 2439 1081 2487 iu
1101 2441 1145 2489 das
1165 2440 1213 2490 Ge-

127 2523 130 2532 ·
162 2507 211 2558 wic
237 2504 305 2558 Xlll.
324 2509 355 2559 43
384 2506 485 2557 nullom
510 2508 664 2572 cuiusquam
713 2507 822 2558 sohleclrt
840 2509 885 2558 der
901 2507 1010 2559 Merenda
1031 2507 1139 2572 adoptirt
1157 2522 1214 2556 war

162 2579 355 2627 commodorum
367 2577 399 2626 ab
410 2589 439 2625 co
450 2580 575 2639 coactam,
593 2574 661 2627 XVl.
711 2576 800 2636 (dalrer
808 2576 962 2642 Appianae).
980 2575 1063 2627 (liora.
1074 2578 1131 2624 dre.
1140 2573 1210 2626 XVl.

165 2647 194 2698 ts
213 2649 304 2696 eductu
320 2659 398 2695 nore.
440 2642 490 2693 Cic.
512 2645 542 2694 de
561 2644 610 2694 div.
631 2644 661 2695 ll.
714 2647 771 2697 253.
808 2644 865 2708 Vgl.
885 2643 962 2699 cdd.

162 2714 201 2771 35.
215 2713 249 2764 73
267 2712 341 2778 Ergo
359 2714 408 2762 doc
421 2715 568 2777 auspicium
580 2712 666 2763 divini
747 2733 770 2783 9,
788 2745 877 2780 mm,
890 2734 1028 2795 praetura,
1059 2728 1084 2779 s,
1096 2744 1127 2778 zu
1141 2727 1209 2781 l,41.

162 2784 303 2846 4²5⁰qu
316 2782 510 2846 habmpmt'
528 2780 599 2846 md
611 2787 664 2832 mm
751 2819 788 2866 ld.
807 2814 864 2878 Quo
881 2798 957 2865 duilio
975 2813 1098 2877 invidiae,
1125 2814 1212 2877 ‘iudom

193 2865 665 2979 aare·
713 2881 890 3000 antina
906 2883 1033 3007 ,eterna
1052 2880 1214 3000 etanta

161 2983 664 3116 atleta*,tt¹t¹·anmant
714 3014 832 3078 -wo
862 3014 942 3065 n,
1077 3017 1209 3070 tna.

161 3119 258 3170 Hennes
275 3135 352 3183 qegen
372 3121 506 3188 Agrippina
523 3121 663 3172 rueranluast
729 3103 785 3180 ,¹6·
804 3100 945 3162 “mallim
961 3125 994 3135 ·“
1013 3104 1107 3164 ⁰²¹⁸⁰m>
1125 3103 1216 3169 Agrii*

161 3188 237 3237 narn.
276 3187 502 3242 screnum.
712 3182 768 3233 lm
786 3164 871 3215 ΜΝ·

196 3257 218 3307 8.
236 3256 344 3306 sobrina
369 3260 431 3307 eine.
476 3256 586 3308 Claudio
602 3253 663 3303 nat-
748 3252 784 3301 18.
802 3248 914 3299 Fmrstra
932 3276 964 3288 -
977 3253 1132 3315 praesciunt.
1165 3254 1211 3305 ΧΙ,

47 3370 51 3376 .
162 3325 226 3374 odra
244 3340 299 3375 war
315 3325 355 3374 die
373 3325 481 3376 Toohter
497 3324 541 3372 dos
558 3320 593 3371 dl.
609 3319 662 3370 Va·
714 3320 744 3370 tt
761 3316 874 3367 muana
890 3317 1040 3368 Arualninm
1057 3324 1214 3383 praescr-idi.

162 3391 362 3444 tnemttmata
374 3394 506 3444 Barbatus
514 3389 661 3453 Appianae,
745 3388 785 3437 20.
806 3384 902 3436 Suriae.
939 3385 965 3436 S.
985 3401 1006 3435 o.
1020 3388 1058 3438 te.

160 3461 271 3511 welcher·
289 3464 320 3513 12
338 3477 360 3509 v.
377 3461 420 3509 cl.
448 3458 471 3508 ln
489 3457 581 3506 seluern
598 3455 662 3504 Con·
745 3455 1008 3522 llrcorreptumque.
1033 3454 1211 3520 Erpoolrtesic

161 3528 227 3580 solat
244 3529 321 3586 stari,
343 3529 390 3578 und
408 3527 453 3576 der
467 3526 575 3588 jungere
589 3521 661 3572 Mar·
713 3538 753 3573 an.
791 3522 859 3574 Suet.
879 3521 935 3573 Tib.
949 3525 980 3574 53
998 3520 1103 3573 Nurum
1113 3525 1211 3590 Agrop-

161 3598 235 3661 oella,
253 3596 361 3648 Toolrter
379 3594 424 3642 der
443 3591 558 3654 Octauio,
583 3591 661 3640 denen
708 3593 801 3657 pinum
821 3597 883 3657 poet
903 3593 996 3642 marr'to'
1016 3596 1125 3641 mortem
1148 3593 1209 3643 lide·

159 3664 257 3715 Bruder
278 3664 414 3726 Augustas
440 3658 485 3708 der
509 3657 661 3709 Gmssnater
710 3661 767 3709 rius
784 3659 909 3724 quiddam
925 3664 1043 3724 questam
1065 3675 1146 3710 mann
1163 3676 1211 3726 op·

161 3733 206 3783 der
227 3731 379 3796 Agrippina
403 3742 457 3778 war
481 3729 510 3787 (s.
537 3742 567 3777 au
592 3725 610 3777 l.
624 3729 658 3789 3).
709 3726 848 3794 prehendit
857 3726 1007 3792 &neceque
1023 3743 1099 3777 aaran
1111 3727 1143 3778 Sa'
1155 3743 1209 3778 neu

161 3801 203 3850 Sic
221 3800 303 3849 tutam
321 3797 367 3845 den
394 3793 595 3861 ursprlingliolteu
613 3794 661 3845 Fa·
712 3794 967 3860 dominariqinqutt,
977 3794 1069 3859 filiolo,
1081 3797 1208 3846 innodant

159 3868 328 3918 milicuuamen
347 3864 413 3914 ilares
430 3862 529 3921 Vetere,
552 3862 661 3914 welches·
711 3867 736 3912 te
752 3864 872 3929 occipere
888 3865 1038 3914 coutimur?
1070 3863 1121 3914 Der
1144 3863 1210 3926 grie·

158 3935 198 3985 ein
218 3933 282 3984 Solio
311 3932 353 3983 des
371 3932 438 4000 App.
459 3929 584 3983 Claudius
599 3931 660 3983 Pul·
711 3929 809 3981 elaisclae
827 3930 891 3982 Vere
908 3931 941 3982 ist
958 3931 1081 3981 verioren.
