2550 4350
107 291 231 352 anau)
290 288 333 341 an
352 289 505 342 nxcnssu
521 290 592 344 nuu
610 264 752 367 mansur
769 292 839 346 xrv.
852 298 997 352 asanaa.

1076 296 1176 379 „135

106 440 301 538 festinabant.
329 442 392 503 lam
408 443 554 506 Suetonio
570 454 675 525 quarta
692 447 818 509 decuma
833 449 914 527 legio
930 469 996 510 carm
1012 454 1174 519 vexillariis
1184 464 1226 524 34

103 542 297 586 vicesimanus
320 534 351 587 et
372 546 388 588 e
412 528 558 606 proximis
581 530 750 604 auxiliares,
774 532 882 593 decern
903 535 998 595 ferme
1020 537 1103 598 milia
1126 558 1173 601 ar·

104 617 263 681 matorum,
287 618 380 682 erant,
403 631 470 672 eum
494 613 632 675 omittere
656 616 879 678 cunctationem
901 627 932 679 et
949 621 1092 697 congredi
1108 622 1177 685 acie·

103 702 200 771 perat.
227 693 395 773 Deligitque
418 695 516 757 locum
539 697 614 771 artis
636 698 773 760 faucibus
797 711 864 761 eta
887 709 971 780 tergo
994 704 1069 769 silva
1092 705 1175 767 alan·
1230 690 1237 704 ⁹

77 789 182 873 esum,
209 777 283 838 satis
313 779 434 855 cognito
462 780 538 841 nibil
566 782 698 843 bostium
728 783 788 844 nisi
811 783 842 844 in
864 786 961 846 fronte
985 798 1015 847 et
1037 798 1172 866 apertam
1214 834 1219 843 .

101 861 257 941 planitiem
280 881 358 933 esse,
381 863 448 924 sine
470 872 551 925 matu
565 865 765 928 insidiarum.
794 867 888 946 igitur
904 861 1089 947 legionarius
1112 874 1173 934 fre·

104 964 199 1024 quens
223 946 389 1015 ordinibus,
414 947 488 1008 levis
511 948 623 1010 circum
639 959 799 1023 armatura,
822 953 1017 1030 conglobatus
1031 974 1086 1033 pro
1102 975 1172 1017 cor-

100 1030 190 1090 nibus
213 1048 305 1109 eques
329 1029 434 1091 astitit.
457 1033 495 1092 at
508 1033 719 1114 Britannorum
744 1035 850 1114 copiae
872 1037 986 1114 passim
1002 1056 1057 1116 per
1072 1048 1169 1101 catar-
1238 1080 1241 1084 -

79 1131 152 1173 aas
187 1121 217 1174 et
249 1116 361 1175 turmas
384 1114 576 1190 'exultabana
611 1128 720 1196 quauta
752 1137 814 1180 non
842 1120 918 1183 alies
940 1121 1108 1196 multitudo,
1138 1132 1170 1185 et

58 1208 90 1258 10
101 1197 202 1258 animo
233 1197 309 1258 adeo
339 1199 445 1272 feroci,
476 1209 509 1260 ut
531 1202 673 1279 coniuges
697 1221 816 1283 quoque
838 1212 931 1266 testes
953 1204 1098 1269 victoriae
1120 1226 1169 1268 se-

100 1300 166 1344 cnm
192 1281 343 1343 traherent
364 1282 568 1363 plaustrisque
591 1285 781 1364 inponerent,
804 1306 881 1366 quae
897 1307 989 1367 super
1004 1300 1168 1351 extremum

98 1365 242 1427 ambitum
265 1365 363 1444 campi
386 1376 558 1446 posuerant
580 1368 734 1431 Rouduiaa
758 1388 847 1432 curru
868 1371 948 1432 filias
970 1391 1044 1450 pras
1065 1391 1099 1434 se
1115 1391 1166 1436 ve·
1178 1373 1219 1436 35

97 1450 184 1522 bens,
207 1458 240 1510 ut
262 1468 412 1529 quamque
434 1452 588 1513 nationem
611 1464 789 1523 accesserat,
813 1455 936 1516 solitum
960 1456 1080 1534 quidam
1099 1456 1169 1519 nri-

99 1535 198 1595 tannis
221 1534 397 1595 laminarum
420 1536 512 1596 ductu
532 1535 646 1597 bellare
670 1537 848 1598 testabatur:
877 1540 932 1599 sed
956 1547 1027 1600 tunc
1049 1558 1111 1601 non
1131 1549 1166 1602 nt

55 1619 187 1679 talentis
214 1618 380 1679 maioribus
409 1627 503 1679 ortam
531 1636 656 1696 regnam
684 1631 713 1680 et
742 1639 826 1698 ones,
855 1639 957 1681 verum
980 1631 1013 1682 ut
1034 1641 1125 1684 unam
1148 1643 1165 1685 e

96 1702 184 1778 vulgo
206 1703 373 1764 libertatem
396 1702 546 1773 amissam,
570 1704 740 1763 conlectum
755 1702 932 1762 verberibus
948 1720 1068 1782 corpus,
1091 1723 1166 1765 aon·

97 1794 252 1847 tractatam
279 1787 407 1848 filiarum
436 1785 619 1865 pudicitiam.
636 1786 733 1847 ulaisi.
770 1785 814 1845 Eo
836 1795 994 1863 provectas
1015 1787 1168 1847 Romano·
1259 1838 1268 1852 .

96 1889 162 1932 rum
186 1871 344 1950 cupidines
366 1881 399 1931 ut
422 1888 482 1931 non
505 1888 643 1950 corpora,
667 1888 705 1931 ne
727 1877 879 1930 senectam
904 1869 1024 1946 quidem
1040 1869 1166 1929 nutrir-

96 1955 251 2033 ginitatem
279 1955 458 2034 inpollutam
486 1955 667 2033 relinquant.
705 1954 819 2015 Adesse
842 1963 942 2013 tamen
972 1952 1047 2013 deos
1069 1952 1173 2015 iustne'

53 2039 261 2101 wrindictae:
291 2039 439 2102 cecidisse
460 2040 610 2118 legionem
633 2056 709 2117 quae
732 2035 882 2117 proelium
904 2054 977 2099 ausa
999 2036 1057 2110 sit;
1085 2043 1166 2097 cete·

128 2215 178 2276 34.
206 2224 229 2272 1.
256 2221 406 2273 emitterre
427 2224 603 2287 eimsimanie,
656 2222 798 2273 decernere
815 2218 888 2285 quod
904 2216 1050 2284 aliquande
1069 2215 1167 2267 coluis-

93 2288 319 2340 denVexillariern
338 2290 385 2342 der
397 2291 601 2354 2llstenLegion.
655 2295 714 2341 sent
730 2304 811 2355 qnam
828 2286 902 2353 qaod
917 2291 981 2337 tuna
999 2288 1168 2350 cogerentur.

93 2357 119 2408 S.
140 2373 171 2407 zu
188 2356 208 2407 l.
231 2360 270 2410 11.
654 2357 730 2409 Tusa.
751 2356 782 2410 V·
805 2356 843 2414 12,
866 2356 899 2408 at
920 2352 1098 2417 Archelaum,
1121 2351 1171 2417 qui

126 2427 151 2475 5.
172 2430 292 2490 apertam
307 2425 448 2490 planitiem
467 2441 520 2474 asse
536 2425 604 2475 ‘dass
656 2431 712 2477 tane
737 2423 977 2487 'forbtnnla‘sse'mua
1015 2420 1168 2483 moeretur,

93 2491 135 2540 die
158 2490 244 2540 Elaene
268 2490 332 2540 oben
357 2491 409 2540 sei'.
446 2490 493 2539 Die
517 2490 604 2541 Ebene
655 2507 745 2547 nonne
763 2494 867 2542 beatacm
881 2490 1011 2555 putaret!
1027 2484 1091 2553 Nep.
1110 2486 1167 2535 Ant.
1248 2500 1256 2511 ‘

92 2559 127 2607 ist
150 2558 217 2606 nicbt
241 2557 281 2606 die
304 2557 431 2607 zwisalten
450 2557 506 2606 darn
523 2556 605 2606 Waltl

92 2623 142 2676 und
161 2624 285 2689 Engpess,
309 2623 418 2673 sondarn
435 2624 483 2672 nul
497 2623 543 2672 der
560 2637 604 2671 nn-

657 2560 724 2615 22,2
743 2561 869 2621 quornm
887 2560 943 2605 bam
960 2569 1064 2619 quaque
1080 2554 1170 2616 posset

657 2626 818 2688 temporibus
834 2636 978 2687 rupea-esee,
994 2634 1023 2668 se
1038 2618 1091 2667 nidd
1100 2618 1170 2667 πιὼ-

92 2694 154 2743 dern
174 2691 306 2741 Seite‘des
318 2690 470 2756 Enqpasses,
493 2688 604 2739 diuselba

92 2761 134 2810 die
167 2776 199 2823 zu
225 2757 296 2808 Ende
324 2758 368 2807 des
401 2756 465 2822 Kop.
496 2770 606 2820 campus

92 2827 179 2878 beisst.

126 2898 150 2947 1.
179 2897 279 2946 cirenem
307 2892 363 2943 ‘nul
382 2891 474 2943 beiden
500 2889 600 2949 Seiten',

90 2964 142 3015 wie
160 2962 202 3015 lV·
224 2964 265 3014 14.

124 3047 175 3096 pro
187 3031 321 3093 cornibus,
335 3026 455 3078 niabtvor
462 3024 601 3084 declinant,

91 3100 199 3150 sondern
224 3113 271 3148 vor
295 3098 342 3148 der
359 3095 468 3147 lilanlre:
500 3102 540 3144 ‘an
558 3093 606 3143 der

92 3166 177 3232 Spitza
196 3167 242 3216 der
259 3164 362 3229 llltiqal',
382 3163 433 3215 wie
450 3161 521 3214 Xlll.
542 3160 583 3211 38.

125 3229 179 3289 35.
202 3237 240 3284 14.
262 3238 332 3282 tuna.
347 3232 409 3284 Wir
417 3246 494 3294 sager
507 3226 600 3292 'jetnt’z
616 3250 619 3257 ·

92 3300 133 3350 die
144 3300 265 3350 Luteiner
281 3299 433 3349 bezeichnen
447 3299 471 3348 in
482 3296 530 3346 der
539 3294 604 3345 Ora·

91 3368 127 3418 tio
146 3367 246 3430 obliqua
259 3361 604 3415 dieZeitnialrtvomStnnd·

91 3441 169 3500 punct
192 3434 236 3482 des
254 3432 399 3487 Radenden,
426 3429 535 3479 soadern
560 3429 605 3478 des

94 3498 292 3551 Sabriltstellcrs
304 3513 358 3548 nus.
378 3497 436 3557 vm.
451 3494 494 3544 lll.
504 3497 546 3545 61.
556 3494 601 3544 Vl.

93 3572 135 3621 21.
156 3566 226 3619 XVl.
241 3566 266 3618 3.
288 3565 340 3616 Cia.
361 3564 387 3613 in
404 3561 478 3613 Verr·
499 3560 542 3611 lV.
559 3562 599 3619 29.

91 3639 123 3689 61
144 3635 177 3684 ld
193 3636 244 3683 etsi
259 3638 339 3683 antea
356 3634 410 3691 ient
426 3633 513 3678 manle
525 3632 551 3677 at
562 3642 605 3677 eo-

91 3704 225 3769 gitatione
248 3716 298 3751 aaa
317 3699 466 3762 fratrisque
481 3698 526 3745 cate·
543 3710 605 3745 aon·

92 3775 226 3822 sacratum
239 3772 312 3832 esset,
332 3769 525 3816 temeraturum
539 3762 605 3812 dare

94 3839 198 3889 donare
210 3836 301 3885 dicare
310 3832 540 3884 consecraraloai.
559 3832 600 3887 64,

97 3908 145 3960 142
172 3907 294 3968 iniquum
322 3916 375 3952 esee
401 3913 456 3951 nen
481 3898 512 3949 id
525 3899 605 3965 prius

657 2705 707 2754 qua
735 2692 889 2738 reservaret
926 2682 987 2733 Snll.
1007 2681 1062 2743 lus.
1088 2682 1130 2739 81,
1153 2683 1166 2735 1

657 2761 713 2806 tam
721 2770 784 2817 sese,
792 2748 878 2814 paulo
891 2753 953 2799 ante
964 2746 1168 2809 Cartbaginten-

652 2816 703 2884 aas,
722 2823 783 2870 itam
800 2829 890 2879 regem
903 2814 1008 2876 Persen,
1028 2817 1099 2877 post,
1125 2815 1170 2862 uli

656 2891 714 2955 quta
732 2899 766 2933 ue
792 2881 1008 2947 specularemur
1033 2878 1166 2941 videntur,

656 2961 696 3007 ita
712 2901 839 3009 ilcmanir
863 2949 962 2998 bostem
984 2946 1051 3009 fore.
1088 2947 1128 3007 ⁸3,
1153 2947 1165 2997 l

656 3021 753 3072 naban
781 3023 836 3068 tum
859 3029 986 3080 magum
1004 3016 1110 3080 capione
1125 3028 1169 3063 aa.

656 3090 760 3139 cistulis
789 3086 976 3148 amicitiaeque
1005 3083 1169 3147 coniungere

656 3157 712 3207 dae.
733 3156 789 3211 112.
802 3155 834 3204 14
851 3155 967 3202 aeteram
984 3155 1074 3200 vetera
1089 3151 1168 3200 amd-

656 3230 711 3275 tere
728 3237 760 3272 aa
778 3226 841 3284 tam,
864 3221 890 3268 ei
905 3233 955 3284 per
971 3216 1089 3268 Mardum
1107 3217 1168 3267 lice-

656 3296 706 3355 ret,
725 3290 827 3356 legatos
839 3286 876 3337 ad
883 3291 1004 3336 certaturn
1016 3287 1168 3335 musarum.

656 3359 713 3409 le.
733 3353 820 3406 XXX·
840 3356 882 3411 42,
905 3356 935 3405 15
957 3352 1069 3403 dutum
1085 3351 1169 3411 litim

653 3420 1169 3548 recalescentes

655 3511 671 3544 r
717 3529 723 3540 .
846 3526 852 3539 .
909 3527 914 3545 ‚
1157 3508 1169 3519 ·

656 3563 773 3610 bitumina
791 3553 970 3622 raaaeperandi
985 3566 1035 3600 ma
1053 3549 1168 3598 occasio·

654 3642 722 3689 nem,
739 3628 765 3676 si
778 3640 843 3687 eam,
862 3637 930 3688 quae
942 3625 997 3668 tum
1008 3620 1080 3678 esset,
1090 3629 1168 3679 prae-

656 3696 814 3744 termisisset.
834 3691 902 3739 Doab
921 3685 999 3735 findet
1016 3680 1068 3731 sieb
1086 3680 1167 3730 sellan

656 3764 717 3811 nueb
742 3775 822 3822 nana,
849 3755 899 3806 wia
923 3751 965 3801 bei
982 3749 1044 3800 Tac.
1065 3746 1112 3797 Xl.
1133 3748 1167 3798 30

654 3844 703 3878 nec
711 3843 783 3877 nana
793 3822 928 3876 adulteria
940 3819 1105 3867 obiectarem
1116 3815 1162 3863 ait.

691 3897 729 3947 19.
742 3898 827 3944 iactae
838 3887 972 3940 vindictae
982 3883 1016 3934 ist
1023 3880 1162 3933 dorllntiv.
