2550 4350
59 289 183 351 amon
293 244 336 334 aa
348 252 505 335 'incussu
522 280 590 335 n1v1
608 278 750 363 accusas
768 277 811 332 vr.
825 281 865 333 ao.
879 278 920 331 so.
1060 266 1125 330 305

60 443 170 504 frustra
193 438 351 499 conterrita
374 454 476 508 uxore,
498 435 662 514 quametsi
685 442 850 505 nocentem,
880 431 1002 512 periculi
1023 442 1127 496 tamen

60 535 210 605 expertem
233 523 334 583 luisse.
371 523 535 582 Mamercus
558 519 626 580 dein
649 519 779 580 Scaurus
801 537 920 580 rursum
942 519 1122 597 postulatur,

63 609 187 688 insignis
211 608 362 667 nobilitate
385 615 414 667 et
443 605 564 666 orandis
593 607 705 676 causis,
738 604 796 664 vita
827 603 1001 682 probrosus.
1045 604 1125 664 Nihil

30 704 36 712 ‘
63 696 140 756 bunc
161 692 284 753 amicitia
308 691 425 762 Seiani,
460 690 512 751 sed
541 689 677 750 labelecit
703 689 780 750 haud
810 688 908 748 minus
937 689 1063 749 validum
1086 690 1124 749 ad

41 779 149 842 teritia
165 776 310 838 Macronis
333 777 444 847 odium,
466 775 516 854 qui
540 775 657 835 easdem
680 782 759 835 artes
783 773 927 834 occultius
950 774 1123 848 exercebat3

30 896 32 902 ·
63 865 264 940 detuleratque
286 870 489 939 argumentum
513 859 679 936 tragoediae
708 877 722 918 a
746 859 856 919 Scauro
880 858 1016 937 scriptae,
1039 859 1125 919 addi·

62 948 100 1010 tis
123 948 256 1007 versibus
279 947 327 1024 qui
351 946 379 1005 in
403 944 553 1005 Tiberium
576 945 774 1004 flecterentur.
817 944 923 1004 Verum
947 943 983 1003 ab
999 943 1126 1004 Servilio

63 1043 93 1095 et
114 1033 251 1093 Cornelio
274 1029 494 1090 accusatoribus
517 1028 690 1090 adulterium
713 1028 830 1099 Liviae,
862 1037 1012 1105 magorum
1043 1047 1126 1090 sacra

37 1106 293 1179 oblectabantur.
338 1115 477 1185 Scaurus,
500 1123 533 1174 ut
555 1113 674 1192 dignum
698 1112 846 1174 veteribus
868 1113 1010 1185 Aemiliis,
1040 1115 1125 1174 dam-

24 1204 214 1266 lunationem
243 1199 347 1271 anteit,
381 1199 517 1260 hortante
540 1198 637 1259 Sextia
660 1217 767 1271 uxore,
801 1216 875 1276 quae
903 1198 1146 1259 incitamentum·
1235 1208 1238 1213 '

63 1288 171 1349 mortis
195 1295 223 1346 et
244 1284 390 1363 particeps
413 1283 477 1344 luit.
988 1354 990 1361 y
1181 1290 1184 1295 ·

146 1374 304 1436 Actumen
328 1377 529 1439 accusatores,
560 1367 586 1427 si
609 1367 731 1427 incultas
753 1366 911 1440 incideret,
943 1367 1048 1446 poenis
1071 1367 1123 1429 ad·
1137 1371 1179 1435 30

63 1456 250 1527 ficiebautur,
283 1463 315 1515 nt
337 1453 477 1514 Servilius
501 1451 713 1530 Corneliusque
736 1451 850 1530 perdito
873 1452 985 1513 Scauro
1008 1453 1125 1529 famosi,

63 1542 129 1621 quia
156 1540 308 1620 pecuniam
339 1538 463 1598 aVario
492 1537 601 1615 Ligure
634 1537 813 1597 omittendae
846 1537 1001 1598 delationis
1036 1557 1126 1618 cepe-

25 1639 53 1688 15
64 1636 145 1696 rant,
175 1627 204 1685 in
227 1624 339 1685 insulas
363 1623 519 1684 interdicto
542 1621 601 1698 igni
624 1629 711 1700 atquc
738 1641 811 1700 aqua
834 1622 944 1682 demoti
967 1632 1045 1683 sunt.
1088 1623 1129 1684 Et

64 1711 196 1771 Abudius
218 1710 312 1780 Ruso,
334 1710 451 1768 iunctus
474 1706 630 1778 aedilitate,
654 1707 722 1766 dum
745 1706 869 1767 Lentulo
887 1706 1046 1777 Gaetulico,
1069 1709 1128 1768 sub

64 1813 123 1872 quo
153 1793 260 1870 legioni
289 1795 470 1872 praefuerat,
511 1789 673 1868 periculum
707 1790 826 1851 lacessit
858 1792 936 1870 quod
969 1791 995 1851 is
1026 1792 1126 1854 Seiani

67 1879 158 1938 lilium
181 1896 319 1955 generum
343 1878 531 1948 destinasset,
555 1875 631 1935 ultro
653 1875 806 1936 damnatur
827 1884 913 1954 atque
935 1876 1007 1937 urbe
1030 1877 1125 1956 exigi-

67 1964 139 2020 tur.
169 1961 335 2024 Gaetulicus
358 1981 391 2022 ea
414 1967 588 2039 tempestate
611 1960 773 2038 superioris
796 1959 968 2029 Germaniae
995 1961 1128 2040 legiones

28 2044 188 2107 locurabat
210 2047 373 2126 mirumque
403 2064 533 2105 amorem
561 2045 720 2105 adsecutus
750 2055 829 2118 erat3
863 2048 973 2108 ellusac
995 2047 1125 2108 clemen-

65 2130 139 2202 tiae,
177 2132 310 2191 nlodicus
341 2131 495 2191 severitate
527 2139 556 2190 et
588 2131 722 2208 proximo
759 2148 875 2209 quoquc
906 2131 1044 2192 exercitui
1074 2150 1127 2211 per

67 2215 101 2275 L.
125 2217 286 2294 Apronium
318 2234 453 2276 socerum
483 2233 543 2276 non
573 2215 714 2292 ingratus.
770 2215 852 2276 Unde
884 2217 959 2276 lama
989 2226 1129 2278 constans

67 2319 170 2361 ausum
199 2301 316 2362 mittere
351 2301 388 2362 ad
418 2301 572 2361 Gaesarem
601 2299 731 2373 litteras,
768 2301 946 2361 adfinitatem
977 2301 1034 2362 sibi
1061 2321 1127 2367 cum

63 2499 126 2549 babe
152 2499 192 2549 die
217 2500 320 2550 Absicbt
343 2499 435 2562 gebabt
465 2499 571 2563 glauben
621 2517 669 2549 von
704 2500 789 2550 diesen
823 2502 890 2552 biess
920 2502 965 2551 mit
995 2502 1130 2554 Beinamen

63 2583 94 2615 zu
113 2569 213 2616 uiacbeu
240 2570 299 2618 dass
316 2569 488 2634 pcrsdnlicber
507 2567 571 2617 llass
626 2567 731 2616 Tuscus.
774 2568 831 2617 Seu.
854 2570 925 2618 Suos.
948 2571 1004 2634 ip.
1023 2573 1051 2621 21
1073 2572 1127 2636 Rip.

65 2635 109 2683 des
127 2634 183 2684 rto.
209 2635 248 2685 ibn
272 2652 328 2686 zum
347 2635 501 2686 Selbsunord
528 2651 571 2698 ge·
625 2633 724 2685 Tuscus
741 2635 794 2698 ille,
812 2639 860 2701 qui
877 2635 1008 2686 Scaurum
1017 2637 1131 2687 Mamer·

64 2717 197 2762 zwnngen.
623 2719 696 2765 crim,
725 2705 754 2751 in
772 2718 823 2766 quo
842 2702 1006 2753 Scaurorum
1023 2704 1131 2765 familia

99 2771 121 2821 2.
146 2768 293 2821 Mamercus
317 2771 443 2823 Scaurus.
487 2772 512 2822 S.
539 2789 571 2822 zu
623 2773 740 2820 eutincta
759 2775 809 2832 est,
837 2773 983 2820 maiestatis
1000 2787 1074 2820 reum
1091 2772 1130 2833 fe-

63 2834 83 2885 l.
99 2839 140 2887 13.
210 2857 215 2864 ·
624 2842 704 2901 cerat,
722 2838 798 2886 boma
820 2853 898 2902 quam
917 2839 1032 2903 improbi
1045 2842 1132 2889 animi

97 2907 120 2955 4.
141 2903 268 2966 labefeeit.
300 2907 382 2958 lleber
401 2907 440 2957 die
460 2906 573 2969 Stellung
624 2912 677 2955 tarn
695 2905 811 2964 infelicis
823 2909 932 2970 ingenii.
950 2905 1029 2957 Livia
1041 2907 1075 2957 ist
1088 2907 1130 2958 die

63 2987 93 3020 zu
114 2972 142 3021 ll.
165 2972 184 3021 l.
201 2975 241 3024 83.
623 2974 868 3035 Scbwiegertocbter
886 2975 929 3024 des
947 2973 1073 3026 Tiberius.
1100 2976 1127 3026 S.

98 3042 120 3090 6.
146 3047 332 3105 argumentum
364 3043 519 3107 tragoediae
545 3058 569 3091 u.
623 3059 653 3093 au
673 3041 749 3093 Vl.2.

65 3123 130 3155 sw.
163 3108 214 3158 llas
233 3109 571 3176 gaozel’raucrspielsollte
597 3117 602 3125 “
661 3114 697 3162 10.
726 3113 810 3160 anteit
834 3111 874 3160 ltir
891 3114 992 3162 anteiit.
1031 3113 1131 3164 Incita-

66 3176 315 3239 auidieZeitgebn.
346 3178 388 3227 Um
408 3179 461 3228 dies
481 3195 510 3228 zu
529 3180 573 3228 be·
623 3184 738 3228 menium
762 3193 818 3229 war
836 3181 1131 3232 nach-hortantedber-

65 3242 173 3301 weisen,
210 3246 314 3295 wurden
347 3248 407 3295 nocb
435 3247 572 3296 besonilcrs
623 3248 716 3308 fldssig,
737 3263 809 3296 wenn
829 3248 1133 3300 niclitderScbril'tslel-

65 3309 237 3372 eiuicherse
257 3315 350 3363 duraus
368 3316 508 3377 angeldlnt,
531 3315 572 3364 die
622 3315 662 3364 ler
686 3316 768 3364 dieses
793 3315 901 3365 bloment
924 3317 977 3365 dem
994 3321 1131 3383 particeps

65 3392 119 3425 man
156 3381 202 3428 aul
231 3380 348 3431 Tiberius
384 3382 471 3443 bezog.
525 3382 571 3432 Dio
623 3384 920 3445 gegentiberbesonders
943 3385 1009 3434 batte
1028 3386 1132 3435 berrar-

66 3443 153 3521 Lulll.
169 3449 214 3497 24:
230 3441 336 3515 Ἀτρευς
353 3447 405 3516 μὲν
422 3447 452 3499 ad
466 3447 572 3515 ποίημα
622 3452 710 3499 beben.
721 3451 821 3500 wollen.

66 3526 119 3587 uve
139 3510 254 3591 puppium
279 3515 307 3566 δὲ
333 3519 388 3566 τῶν
412 3513 573 3585 ἀρχομένων
655 3512 703 3572 30.
724 3521 762 3568 14,
782 3518 866 3569 Vario
884 3519 991 3584 Ligure.
1016 3518 1129 3582 vgilv,

67 3591 119 3624 τινι
138 3576 183 3626 vn’
206 3576 288 3632 αὐτοῦ
304 3581 373 3634 κατὰ
395 3583 442 3635 τὸν
461 3583 572 3651 ldipini·
624 3589 664 3637 42.
692 3585 775 3635 Ueber
792 3587 838 3635 den
852 3588 953 3638 Genitiv
971 3588 1132 3639 omittendae

69 3640 128 3722 δζιν,
143 3638 187 3693 ἵνα
199 3645 247 3708 τὴν
258 3652 306 3699 τοῦ
314 3656 479 3722 κρατοῦντος
492 3651 571 3719 ιἰβου-
623 3655 765 3704 delationis
782 3670 811 3702 zn
831 3653 860 3702 ll.
874 3658 915 3705 59.

67 3709 129 3759 λίαν
147 3712 225 3781 φέρῃ.
265 3717 572 3775 benemerentem
661 3727 696 3772 lb.
722 3720 835 3772 Lentulo
866 3720 1009 3773 Gaetulico.
1047 3723 1073 3773 S.
1098 3740 1130 3772 zu

68 3779 315 3859 roiuflupusosiusmu
337 3781 458 3856 ἀμαθίας
476 3789 573 3860 φέρειν
624 3789 718 3841 ΝΗ.
747 3791 827 3841 Ucber
845 3790 892 3837 den
911 3790 976 3839 Sobo
996 3792 1130 3854 desSejan

94 3866 163 3898 rainu.
624 3875 654 3907 zu
672 3859 738 3908 V,8.

63 3867 125 3968 ul.
145 3916 258 3988 Servilio
282 3927 307 3970 et
331 3913 459 3975 Cornelio.
494 3926 575 3978 Eiuer
658 3929 697 3979 ti.
716 3924 748 3978 L.
766 3925 922 3992 Apronium.
959 3924 984 3973 S.
1005 3923 1045 3976 lV.
1059 3927 1099 3976 73.
1138 3939 1142 3964 ³

107 4009 223 4053 Cornelius
240 4009 329 4056 Tacitus
347 4008 365 4052 l.
392 4016 414 4057 t.
424 4012 478 4058 dull.
901 4077 906 4097 ι
948 4008 982 4059 ‘dd
