2550 4350
99 305 170 362 aea.
183 300 225 361 33)
282 295 324 345 aa
342 293 582 348 excessuum
600 293 818 353 uuuusuxv.
839 280 981 363 433333.
1015 347 1022 362 ,
1105 285 1164 347 185

102 469 190 530 quem
219 450 278 510 vita
307 450 445 528 famaque
468 448 619 511 laudatum
640 468 697 529 per
719 449 872 519 saevitiam
895 449 1166 529 inpudicitiamque

102 534 269 612 Tigellinus
302 534 332 594 in
356 534 455 594 animo
478 533 626 613 principis
650 534 781 595 anteibat
802 533 1004 613 fatigabatque
1027 535 1167 596 crimina·
1223 540 1225 551 '

103 618 237 680 tionibus
262 635 296 678 ac
319 637 410 698 saepe
426 618 457 679 in
472 627 583 680 metum
600 619 764 702 adduxerat
779 620 864 698 quasi
881 619 1045 680 adulterum
1061 619 1168 698 Agrip·

100 703 189 782 pinae
213 713 244 763 et
265 702 415 763 desiderio
439 702 504 764 eius
525 703 633 764 ultioni
656 703 813 764 intentum.
841 704 934 782 Igitur
956 702 1007 764 ubi
1030 704 1167 765 coniura-

77 788 143 848 5tis
172 787 357 867 praefectum
387 805 506 868 quoque
536 788 679 866 praetorii
708 788 739 848 in
762 796 862 866 partes
885 788 1079 849 descendisse
1103 807 1195 865 cre-¹

104 873 158 933 bro
188 871 285 951 ipsius
313 889 450 932 sermone
479 874 556 932 facta
583 871 669 943 fides,
698 873 868 951 promptius
891 873 949 932 iam
972 873 1009 934 de
1032 880 1169 952 tempore

103 975 139 1017 33
160 955 228 1017 1333
253 955 354 1016 caedis
378 956 539 1034 agitabant.
582 956 620 1016 Et
642 957 760 1035 cepisse
783 957 927 1034 impetum
951 956 1077 1017 Subrius
1100 957 1169 1017 Fla-

102 1051 157 1101 'vus
185 1040 337 1100 ferebatur
365 1039 398 1098 in
420 1058 510 1100 scena
534 1048 690 1101 canentem
711 1041 862 1101 Neronem
885 1040 1097 1117 adgrediendi,¹
1120 1049 1170 1102 aut
1223 1101 1224 1104 ,

105 1142 171 1184 cum
202 1125 326 1184 ardente
355 1123 444 1186 domo
473 1142 528 1202 per
555 1132 674 1189 noctem
702 1125 762 1198 buc
784 1125 855 1184 illuc
879 1136 1014 1186 cursaret
1035 1125 1169 1187 incusto-

66 1218 95 1267 10
106 1207 196 1268 ditus.
241 1208 296 1268 Hic
319 1207 439 1268 occasio
463 1208 646 1281 solitudinis,
677 1208 719 1269 ibi
741 1208 808 1287 ipsa
831 1209 999 1288 frequentia
1024 1210 1096 1270 tanti
1118 1209 1170 1270 de·

106 1292 187 1353 coris
211 1291 297 1351 testis
320 1290 554 1369 pulcherrimum
577 1293 616 1353 od
629 1293 752 1370 focinus
770 1293 900 1353 animum
916 1293 1170 1369 extimulaverant,

105 1376 165 1436 nisi
188 1375 375 1455 impunitatis
399 1374 508 1455 cupido
530 1375 714 1449 retinuisset,
739 1376 855 1453 magnis
878 1395 998 1456 semper
1013 1378 1170 1440 conatibus
1218 1414 1220 1419 ·

105 1459 239 1521 adversa
262 1460 386 1520 Interim
411 1460 618 1522 cunctantibus
632 1460 920 1539 prolatantibusque
943 1481 1029 1541 spem
1051 1482 1086 1524 ac
1108 1468 1222 1529 33351

107 1552 177 1615 tum,
200 1543 358 1622 Epicharis
390 1543 545 1620 quaedam,
575 1544 723 1605 incertum
753 1563 882 1623 quonam
905 1547 994 1606 modo
1019 1547 1172 1608 sciscitata

67 1631 217 1706 15(ueque
240 1627 284 1687 illi
307 1636 375 1688 ante
397 1627 456 1686 ulla
479 1645 579 1687 rerum
601 1627 797 1688 honestarum
820 1646 890 1688 cura
913 1630 1031 1704 fuerat),
1065 1649 1171 1690 accen-

107 1712 187 1773 dere
202 1720 232 1772 et
253 1730 377 1806 arguere
400 1710 589 1785 couiuratos3
613 1729 648 1771 ac
664 1718 848 1805 postremum
864 1711 1052 1772 lentitudinis
1068 1705 1172 1774 eorum
1218 1770 1224 1783 ,

107 1805 243 1875 pertaesa
267 1806 295 1856 et
318 1795 348 1855 in
373 1795 535 1875 Campania
558 1812 650 1890 agens
670 1795 822 1891 primores
846 1795 1067 1855 classiariorum
1084 1796 1174 1858 Mise-

106 1881 245 1942 nensium
267 1879 435 1940 labefacere
458 1888 488 1941 et
510 1878 695 1940 conscientia
719 1878 834 1956 illigare
857 1879 960 1940 conisa
984 1888 1031 1940 est
1049 1879 1173 1940 1311331-

106 1965 160 2026 tio.
184 1966 254 2025 Erat
276 1964 444 2025 nauarchus
467 1964 498 2023 in
522 1983 555 2024 ea
580 1962 675 2023 classe
695 1963 833 2024 Volusius
849 1963 1006 2037 Proculus,
1030 1964 1172 2025 occiden-

66 2050 166 2110 20dae
197 2048 299 2108 matris
332 2049 462 2109 Neronis
495 2049 573 2109 inter
605 2047 786 2120 3313131333,’
806 2066 865 2108 333
900 2067 936 2108 ex
968 2049 1174 2144 magnitudino

109 2132 234 2194 sceleris
256 2141 424 2211 provectus,
448 2141 482 2192 ut
503 2131 633 2193 rebatur.
662 2132 691 2193 ls
714 2095 833 2193 mulieri
857 2131 928 2192 olim
952 2133 1097 2210 cognitus
1122 2150 1177 2193 seu

108 2234 215 2279 recens
239 2225 304 2277 orta
327 2217 469 2290 amicitia,
493 2216 562 2278 dum
585 2217 691 2278 merita
715 2235 783 2294 erga
799 2217 949 2278 Neronem
971 2236 1024 2278 sua
1041 2226 1071 2278 et
1086 2236 1176 2303 quarn
1224 2262 1231 2270 .

108 2303 140 2362 in
162 2301 281 2363 irritum
302 2302 485 2363 cecidissent
505 2301 603 2384 aperit
624 2301 776 2381 adicitque
800 2309 924 2380 questus
941 2311 976 2362 et
999 2287 1175 2363 destinatio-

108 2405 179 2448 nem
201 2386 357 2460 vindictae,
382 2387 408 2446 si
432 2387 556 2448 facultas
579 2394 723 2459 oreretur,
747 2405 832 2482 spem
854 2385 938 2446 dedit
957 2405 1049 2465 posse
1071 2385 1177 2465 inpelli

70 2479 142 2530 3531
163 2470 265 2564 plures
289 2469 465 2528 conciliare:
489 2488 546 2529 nec
567 2468 631 2532 leve
652 2470 818 2532 auxilium
811 2489 842 2530 1n
858 2472 964 2543 classe,
987 2471 1108 2532 crebras
1125 2490 1175 2532 oc-

111 2553 260 2622 raciones,
283 2550 353 2628 quia
374 2551 453 2611 Nero
476 2551 569 2612 multo
579 2554 670 2640 apud
693 2554 836 2614 Puteolos
859 2562 890 2614 et
910 2554 1056 2614 Misenum
1084 2555 1201 2614 maris

110 2654 168 2696 usu
191 2632 366 2696 laetabatur.
388 2635 467 2710 Ergo
483 2626 641 2712 Epicharis
663 2635 766 2711 plura3
788 2644 818 2694 et
840 2637 939 2697 omnia
962 2630 1076 2696 scelera
1094 2635 1177 2730 prin·
1249 2654 1252 2659 ⁴

112 2719 191 2798 cipis
213 2717 339 2779 orditur
374 2720 522 2795 †neque
544 2716 661 2777 senatui
685 2718 764 2812 quod
787 2735 919 2779 manere.
943 2719 1002 2779 Sed
1025 2720 1180 2801 provisum
1243 2728 1246 2733 '

111 2822 244 2884 quonam
266 2803 357 2886 modo
378 2819 492 2880 poenas
516 2819 638 2862 eversae
658 2801 704 2861 rei
726 2801 864 2879 publicae
880 2801 974 2863 daret.
997 2802 1180 2898 Accingere-

71 2900 163 2951 33133
189 2887 279 2949 modo
309 2905 418 2948 navare
447 2903 570 2964 operam
599 2893 629 2945 et
656 2884 782 2946 militum
813 2884 976 2946 acerrimos
1005 2887 1153 2947 3133333
1146 2906 1178 2948 33

111 2983 223 3055 partes,
248 2991 282 3032 ao
305 2971 393 3068 digna
414 2969 511 3050 pretia
536 2978 715 3048 expectaret
737 2968 864 3030 Nomina
888 2977 985 3031 tamen
1009 2970 1180 3032 coniurato-

112 3078 177 3120 rum
206 3057 337 3120 reticuit.
381 3056 479 3117 Unde
486 3053 608 3115 Proculi
636 3053 780 3115 indicium
810 3053 933 3115 inritum
956 3055 1021 3128 fuit,
1046 3055 1180 3134 quamvis
1268 3069 1271 3076 '

114 3164 148 3205 33
172 3162 248 3221 quae
270 3141 405 3203 audierat
427 3140 465 3201 ad
486 3140 637 3202 Neronem
660 3139 826 3200 detulisset.
849 3139 951 3200 Accita
975 3139 1086 3220 quippe
1108 3141 1180 3220 Epi-

115 3228 213 3286 charis
236 3236 266 3287 et
288 3245 355 3286 cum
378 3226 477 3333 indice
501 3224 668 3303 composita
691 3223 781 3285 nullis
803 3223 930 3285 testibus
945 3225 1077 3286 innisum
1093 3225 1182 3287 facile
1265 3268 1267 3273 -

146 3375 171 3423 9.
199 3373 308 3421 ardente
329 3373 414 3434 domo,
438 3373 470 3421 im
486 3375 623 3453 vorberge-
709 3375 749 3423 19.
771 3372 930 3424 occidendae
946 3377 1048 3424 33331333.
1069 3372 1094 3422 S.
1110 3371 1182 3424 XlV.
1230 3375 1232 3379 '

112 3440 210 3488 frendeo
227 3438 291 3487 fabr
314 3440 346 3499 (c.
367 3439 417 3494 39),
447 3453 549 3488 wornus
572 3441 623 3490 wir
674 3439 724 3489 311.

114 3509 175 3556 sehu
194 3502 623 3569 dassdamalsdiaVerscbwbruug
708 3507 749 3557 26.
769 3505 898 3556 Puteolos.
936 3506 962 3555 S
983 3522 1014 3556 zu
1031 3503 1101 3555 Xlll.
1121 3507 1163 3557 48

114 3576 189 3624 saban
208 3572 322 3623 bastard.
344 3571 369 3621 S.
391 3585 461 3619 zuc
482 3573 523 3623 48.
709 3574 748 3623 27.
769 3573 858 3638 plara
885 3573 978 3622 Hicrzu
996 3574 1030 3623 ist
1048 3572 1089 3621 eiu
1107 3571 1185 3635 allge—
1244 3586 1249 3597 ⁸

149 3641 198 3697 51.
221 3641 261 3691 13.
272 3654 351 3705 apem,
364 3639 423 3688 dass
434 3637 486 3688 sicb
498 3639 553 3688 aine
564 3640 624 3701 grin-
675 3639 769 3690 moines
787 3638 899 3691 Verbum
917 3639 1030 3703 dicandi,
1054 3639 1104 3689 wie
1119 3655 1185 3705 pro-

114 3705 552 3772 stigeGelegenbeitbietenwerde,
573 3721 626 3757 ma·
675 3711 737 3772 3311,
769 3724 799 3757 33
830 3708 936 3757 deukeu.
974 3706 1021 3757 Die
1051 3706 1185 3768 folgenden

117 3782 173 3826 13333
191 3791 237 3826 333
256 3774 429 3837 unrdectung.
676 3774 770 3828 Warte
789 3774 1186 3838 aequarenataiqaodmanera

152 3847 191 3894 17.
213 3844 413 3893 classiariorum
430 3841 626 3894 Misenensium.
677 3842 733 3892 siud
750 3842 871 3892 verderbt
889 3841 939 3890 uod
956 3850 1057 3894 werten
1069 3841 1189 3893 nocbauf

81 3920 86 3929 ¹
116 3910 254 3964 s.1V.5.
677 3910 732 3960 ibre
749 3908 950 3972 Verbesseruog.
