2550 4350
48 264 80 334 p.
92 271 187 333 6616)
229 252 234 260 ’
267 265 314 316 aa
332 243 483 319 excussu
499 265 569 319 orvi
587 265 727 337 1666661
745 266 764 319 r.
785 270 938 344 666166.
1087 259 1125 322 61

58 442 127 486 1661
151 420 298 500 sanguine
322 419 444 482 oblitum
473 430 503 483 et
522 420 679 501 paludibus
702 440 849 483 emersum
879 440 1000 483 cernere
1023 432 1125 488 6166-
1213 442 1215 447 ⁸

60 509 127 581 dire
148 507 230 568 deus
254 512 303 566 est
324 506 401 567 velut
416 516 577 578 vocantem,
600 515 772 568 nontamen
790 507 949 568 obsecutus
965 518 994 569 et
1009 527 1126 571 manum

60 591 244 655 intendentis
272 590 450 670 reppulisse.
500 590 609 669 Coepta
637 592 702 653 luce
729 593 838 653 missae
866 593 895 652 in
918 592 1008 653 latera
1030 593 1125 671 legio-

62 696 121 739 nes
149 685 224 738 metu
253 694 290 736 an
319 675 501 737 contumacia
535 676 631 737 locum
668 677 844 747 deseruere,
881 685 965 754 capto
999 695 1125 756 propere

40 774 169 840 teampo
194 760 326 822 umentia
355 761 438 821 ultra.
489 761 591 840 Neque
624 769 721 822 tamen
749 761 915 834 Arminius,
951 781 1124 842 quamquam

63 847 154 908 libero
175 847 315 917 incursu,
347 846 444 906 statim
466 846 611 925 prorupit.
656 847 714 906 Sed
738 855 770 908 ut
790 847 915 908 haesere
943 865 1032 908 caeno
1060 849 1124 910 los·

63 933 163 1011 sisque
186 930 407 1010 impedimenta,
431 930 537 990 turbati
554 933 661 991 circum
678 932 796 1004 milites,
820 933 950 993 incertus
973 931 1125 1010 signorum

62 1019 145 1089 ordo,
169 1025 261 1094 utque
283 1014 332 1077 tali
354 1015 384 1076 in
408 1025 556 1094 tempore,
580 1016 637 1077 sibi
660 1018 785 1096 quisque
807 1036 954 1096 properus
978 1027 1007 1078 et
1028 1017 1125 1080 lentae

62 1104 220 1165 adversum
244 1099 366 1179 imperia
388 1118 492 1172 aures,
516 1102 687 1179 inrumpere
709 1103 871 1163 Germanos
893 1102 991 1173 iubet,
1021 1102 1123 1163 clami-

14 1196 126 1249 ’111666
142 1186 188 1246 Eo
205 1186 300 1245 Varus
324 1193 351 1245 et
373 1186 478 1257 eodem
501 1185 606 1246 iterum
630 1187 687 1247 lato
710 1187 823 1259 vinctae
844 1184 991 1264 legiones!
1030 1188 1124 1250 Simul

61 1272 147 1344 baec,
182 1278 213 1330 et
240 1285 307 1330 cum
335 1270 456 1330 delectis
486 1271 594 1331 scindit
621 1290 724 1350 agmen
748 1274 889 1351 equisque
911 1272 1034 1333 maxime
1056 1273 1138 1338 vul-,

62 1375 129 1420 nera
152 1355 275 1434 ingerit.
323 1354 368 1414 lili
398 1355 541 1432 sanguine
569 1374 624 1416 suo
656 1365 685 1416 61
707 1357 819 1417 lubrico
842 1357 978 1435 paludum
1001 1357 1121 1437 lapsan-

61 1449 104 1504 tes
133 1439 270 1501 ercussis
292 1439 458 1501 rectoribus
480 1440 621 1502 dissicere
650 1442 772 1514 obvios,
803 1451 955 1520 proterere
982 1442 1123 1505 iacentes.

60 1526 207 1589 Plurimus
231 1524 306 1585 eirca
329 1524 439 1604 aquilas
461 1525 561 1596 labor,
591 1545 664 1605 quae
686 1545 781 1605 neque
804 1528 874 1586 lerri
897 1528 1051 1588 adversum
1073 1528 1121 1588 in-

33 1611 195 1692 ltgruentia
219 1609 276 1671 tela
297 1627 393 1688 neque
414 1610 464 1688 ligi
485 1610 590 1671 limosa
613 1612 703 1671 burno
725 1622 872 1690 poterant.
907 1612 1029 1673 Caecina
1051 1613 1119 1673 dnm

59 1704 207 1759 sustentat
229 1695 332 1766 aciem,
362 1696 491 1755 suffosso
515 1710 590 1773 equo
614 1695 752 1775 delapsos
775 1697 1067 1770 circumveniebatur,
1089 1700 1120 1759 ni

59 1782 152 1862 prima
175 1779 254 1857 legio
277 1798 345 1840 sese
368 1779 570 1858 opposuisset.
606 1780 682 1840 Iuvit
703 1781 832 1840 bostium
853 1780 985 1852 aviditas,
1009 1782 1120 1843 omissa

61 1868 156 1947 caede.
170 1863 311 1944 praedam
335 1866 525 1937 sectantium3
556 1864 714 1942 enisaeque
741 1864 872 1941 legiones
895 1875 1120 1943 vesperascente

59 1952 105 2014 die
127 1952 158 2012 16
181 1958 283 2030 aperta
306 1957 336 2010 et
356 1949 460 2010 solida.
514 1949 616 2028 Neque
642 1948 668 2008 is
697 1948 881 2009 miseriarum
908 1950 987 2008 finis.
1031 1950 1119 2010 Stru-

27 2036 167 2105 bendum
191 2034 315 2108 vallum,
341 2036 486 2114 pectendos
509 2052 612 2112 agger;
642 2033 750 2094 amissa
779 2051 883 2111 magna
905 2052 941 2093 ex
963 2042 1045 2112 parte
1066 2052 1121 2129 per

60 2139 132 2200 quae
167 2119 307 2197 egeritur
328 2119 436 2180 burnus
471 2128 522 2180 aut
555 2118 700 2181 exciditur
732 2136 871 2198 caespes,
907 2137 966 2178 non
994 2118 1119 2179 tentoria

59 2205 232 2296 manipulis,
264 2222 324 2264 non
354 2205 483 2265 lementa
512 2205 636 2266 6666116.
667 2204 790 2266 16166166
820 2223 910 2264 66666
939 2215 987 2264 aut
1015 2222 1120 2264 eruore

59 2280 144 2351 61666
172 2289 337 2351 dividentes
366 2291 498 2350 funestas
529 2289 665 2350 tenebras
694 2300 722 2350 et
750 2298 794 2351 tot
821 2290 974 2351 bominum
1001 2289 1118 2351 milibus

59 2393 151 2436 unum
178 2374 236 2436 iam
258 2374 402 2453 reliquum
431 2375 508 2435 diem
536 2373 777 2437 lamentabantur.
830 2375 919 2436 Forte
948 2394 1040 2454 equus
1063 2375 1116 2436 ab·
1129 2378 1171 2441 66

24 2460 154 2541 11166116
177 2458 300 2521 vinculis
322 2476 413 2535 vagus
436 2469 465 2520 et
486 2459 613 2520 elamore
635 2461 755 2522 territus
783 2462 923 2538 quosdam
958 2480 1116 2522 occurren-

57 2545 130 2607 tium
154 2543 330 2627 obturbavit.
350 2543 457 2605 Tanta
474 2544 542 2605 inde
564 2547 764 2606 consternatio
787 2545 937 2623 inrupisse
953 2545 1116 2607 Germanos

56 2629 257 2702 credentium,
286 2637 319 2689 ut
341 2630 436 2689 cuncti
459 2639 581 2689 ruerent
603 2630 638 2689 ad
659 2638 778 2706 portas3
814 2648 935 2708 quarum
958 2630 1118 2690 decumana

53 2760 83 2814 lt.
96 2764 137 2815 14.
157 2761 203 2812 Χ1.
211 2765 238 2815 4.
257 2760 316 2812 Xll.
328 2763 366 2812 13,
382 2760 453 2812 XVI.
465 2764 486 2812 l.
513 2760 564 2811 Lu·
649 2763 671 2812 8.
690 2766 770 2825 utque
784 2761 852 2811 niebt
863 2759 1065 2823 Wiederbolung
1076 2762 1120 2811 des

53 2846 98 2882 een
114 2829 214 2883 Vltro
234 2831 295 2880 dira
313 2832 386 2894 quies
404 2834 431 2880 61
445 2832 564 2894 imagine
613 2834 645 2879 ut
660 2844 708 2878 vor
724 2828 844 2892 ducrere,
870 2829 978 2878 sondern
999 2829 1056 2878 ‘wie
1074 2829 1120 2879 das

53 2903 154 2950 moesia
172 2899 281 2949 diurna.
613 2898 639 2947 in
657 2895 1053 2959 6616666Ζ6111665616611611166
1067 2896 1116 2947 ist'.

85 2964 721 3031 6166116666.1116666166116666161-113111
738 2967 770 3017 82
793 2971 824 3015 nt
846 2982 881 3015 66
898 2965 1050 3031 longinquo.
1086 2966 1117 3016 H.

53 3032 195 3098 beiengem
226 3033 347 3084 ‘deeber
394 3033 426 3084 So
445 3035 545 3085 sebon
538 3050 563 3084 in
614 3033 695 3086 11111
716 3036 793 3084 utin
808 3035 894 3084 multu
908 3050 984 3100 paee.
1016 3033 1120 3086 (1.261
1226 3072 1252 3089 ,.

54 3102 132 3153 einem
159 3103 227 3153 alten
251 3102 419 3168 Spricbwort,
453 3104 498 3152 das
517 3118 562 3153 aus
613 3105 643 3152 in
667 3103 774 3152 11666116
796 3105 940 3153 vetustatis.
985 3104 1015 3153 Α.
1032 3105 1061 3155 11
1088 3109 1120 3154 ut

24 3166 27 3173 ’
53 3169 97 3221 der
120 3170 179 3222 Zeit
213 3171 258 3219 des
285 3171 393 3220 zweiten
421 3169 560 3223 Puniseben
611 3173 832 3222 interemtores.

51 3237 142 3302 Kriegs
162 3238 312 3302 bergeleitet
328 3238 425 3296 warde
445 3239 485 3289 661
501 3239 557 3289 Liv
648 3241 685 3290 13.
704 3239 827 3288 dissicere
845 3240 886 3289 irir
904 3239 1022 3290 11116616.

50 3304 144 3358 xxttt
160 3309 194 3359 41
219 3306 330 3356 Minime
352 3309 388 3356 sis
412 3309 560 3357 canterium
646 3309 884 3377 1116616666-
903 3323 1014 3374 caespes.
1042 3308 1118 3360 Dicae

51 3376 79 3424 111
99 3375 203 3437 forrum
229 3374 320 3424 undb.
341 3376 397 3425 Alr.
418 3378 450 3426 50
473 3391 507 3424 ne
529 3378 559 3424 in
610 3371 1118 3438 6666116666,666166666666Ν1

49 3442 120 3504 16166
138 3443 172 3494 66
192 3443 322 3507 equitibus
336 3445 557 3508 opprimerentur.
609 3459 664 3493 men
693 3443 738 3492 der
766 3443 973 3495 Geratbsobalten
1002 3461 1033 3494 zu
1061 3459 1117 3493 ver·

50 3508 112 3562 11166
130 3512 184 3562 6166
203 3511 249 3560 das
267 3509 370 3562 Wort
363 3527 388 3560 16
407 3511 453 3560 der
469 3509 557 3560 besteo
608 3511 714 3560 melden.

50 3576 135 3630 Zeit'
126 3596 152 3630 rn
179 3578 264 3628 dieser
286 3578 432 3640 Bedeutung
457 3587 505 3628 nur
527 3594 559 3627 an
645 3574 684 3630 2'3.
709 3577 828 3640 funerus
852 3581 972 3632 tenebras
999 3576 1117 3629 *1116666-

47 3646 121 3712 jeoeo
140 3648 232 3699 beiden
252 3645 345 3696 Stelleo
372 3647 461 3705 findet,
493 3646 561 3709 zeigt
610 3646 763 3706 finsteroiss',
791 3648 889 3698 wiell
905 3650 935 3700 31
965 3646 1062 3708 ferales
1081 3649 1116 3694 16-

18 3732 21 3743 ·
51 3714 106 3766 1666
133 3717 221 3766 dieser
239 3712 369 3765 Gebroucb
394 3686 489 3765 11616616
514 3715 560 3764 der
609 3717 713 3766 1166166.

51 3781 158 3849 Spreebe
184 3784 230 3833 des
253 3783 380 3844 gemeinen
398 3783 497 3834 Lebens
516 3798 559 3833 an·
641 3778 689 3838 66
714 3782 927 3845 11116611166116,
952 3788 1117 3842 6615666656-

36 3852 160 3910 Ι16666116
206 3850 244 3900 Ζ6
268 3851 313 3900 des
329 3850 391 3901 Tae.
411 3851 467 3904 Zeit
489 3867 558 3902 16666
609 3846 1111 3916 66161161616616116.6165616236

50 3919 100 3970 1166
117 3922 164 3972 das
183 3918 307 3983 gedudert
323 3918 411 3970 baben.
608 3906 690 3969 Porta
716 3934 784 3984 quae
810 3917 961 3983 appellatur
974 3918 1116 4027 praetoria
