2550 4350
161 276 202 338 46
259 281 262 287 ’
303 247 306 265 '
357 353 359 358 Ι
552 285 708 351 conuecti
724 284 834 367 rucrrr
1091 286 1221 350 (ιιιιι

162 461 325 522 excepere,
350 441 452 502 ellusis
479 440 633 522 inagrum
657 440 805 501 sociorum
827 440 965 501 hostibus
988 454 1023 499 eo
1045 438 1221 510 violentius,

163 526 241 605 quod
270 544 376 586 nouum
405 527 508 586 ducem
532 524 663 586 exercitu
684 524 785 602 ignoto
809 535 839 584 et
860 534 965 603 coepta
986 523 1082 584 hieme
1106 525 1220 586 iturum

161 610 277 671 obviam
306 629 365 670 uon
395 609 545 672 rebantur.
586 609 639 671 llle
668 627 775 686 goarus
802 608 907 687 primis
930 608 1083 670 eventibus
1106 619 1221 671 metum

162 704 212 756 aut
232 695 370 755 fiduciam
392 694 490 772 gigni,
518 695 592 755 citas
614 694 753 755 cohortes
774 694 862 772 rapit,
885 702 914 755 et
936 693 1032 753 caesis
1056 693 1106 771 qui
1130 696 1221 758 resti-

162 787 270 852 terunt,
294 779 436 840 disiectos
459 787 658 851 consectatus,
680 797 719 840 ue
736 797 838 838 rursus
855 777 1245 855 conglobarenturiutenb

160 883 253 943 saque
276 874 306 924 et
328 864 418 924 infida
440 883 496 943 pax
518 881 578 923 uon
602 861 669 924 duci
692 882 751 924 non
773 863 860 924 militi
876 863 1008 941 requiem
1024 864 1221 940 permitteret,

132 992 134 998 -
161 949 317 1011 detrahere
339 967 418 1008 arma
431 948 590 1026 'suspectis
613 946 776 1027 cunctaque
797 948 903 1009 castris
919 948 956 1008 od
970 952 1102 1006 Avonam
1119 959 1147 1008 et
1162 950 1219 1008 Sa·

160 1033 276 1094 brinam
304 1033 409 1094 fluvios
440 1032 580 1093 cohibere
607 1041 702 1112 parat.
747 1032 832 1105 Quod
852 1033 949 1110 ,primi
972 1031 1052 1091 lceni
1076 1033 1217 1104 abnuere,

162 1118 271 1179 valida‘
288 1135 374 1194 gens,
402 1135 457 1178 nec
487 1117 611 1196 proeliis
634 1117 768 1190 contusi,
798 1116 865 1195 quia
889 1116 1061 1177 societatem
1085 1127 1220 1178 nostram

160 1202 294 1263 uolentes
317 1214 512 1262 accesserant.
542 1202 657 1280 Hisque
670 1200 839 1262 auctoribus
855 1200 1063 1263 circumiectae
1080 1201 1218 1262 nationes
1229 1215 1257 1263 to

161 1286 260 1346 locum
288 1303 403 1364 pugnae
431 1287 567 1364 delegere
590 1294 724 1364 saeptum
747 1285 855 1361 agresti
879 1303 984 1362 aggere
1008 1295 1036 1344 et
1058 1286 1139 1346 aditu
1164 1307 1217 1347 au-

162 1379 258 1447 gusto,
280 1389 317 1430 ne
339 1371 457 1449 pervius
480 1371 572 1450 equiti
595 1371 681 1430 foret.
714 1369 755 1430 Ea
778 1368 959 1430 munimenta
983 1370 1040 1429 dur
1055 1371 1219 1444 Romanus,

163 1473 340 1533 quamquam
372 1455 437 1516 sine
464 1455 572 1515 robore
600 1453 749 1530 legionum
786 1453 912 1514 sociales
947 1455 1048 1532 copias
1080 1456 1219 1532 ducebat,

133 1587 134 1591 ,
160 1557 353 1619 perrumpere
376 1541 544 1617 aggreditur
566 1547 596 1599 et
617 1537 784 1599 distributis
807 1538 980 1599 cohortibus
1007 1551 1117 1600 turmas
1140 1555 1219 1683 quo-

163 1642 220 1702 que
246 1625 379 1708 peditum
411 1624 447 1684 ad
476 1623 576 1684 munia
599 1622 736 1701 accingit.
780 1622 864 1683 Tunc
887 1623 954 1683 dato
977 1623 1062 1700 signo
1084 1626 1219 1703 peririn-
1232 1638 1257 1688 tt

125 1760 127 1766 2
162 1718 235 1786 gunt
255 1727 391 1805 aggerem
414 1708 535 1786 suisque
558 1707 695 1770 claustris
717 1707 876 1786 impeditos
901 1708 1028 1769 turbant.
1058 1714 1152 1787 Atque
1172 1709 1220 1771 illi

162 1793 343 1858 conscientia
366 1793 555 1864 rebellionis,
585 1800 615 1853 et
635 1792 788 1872 obsaeptis
811 1793 944 1870 effugiis,
970 1793 1060 1853 multa
1085 1804 1115 1855 et
1138 1795 1241 1858 clara

79 1876 81 1881 ’
161 1878 331 1939 facinoral
317 1880 425 1939 l.ecere
466 1877 529 1950 Qua
553 1895 650 1956 pugna
673 1877 752 1938 filius
775 1876 924 1954 legatill.
948 1877 1085 1950 Ostorius
1108 1880 1219 1941 serrati

110 1962 234 2026 sacius
263 1964 353 2025 decus
380 1962 497 2023 meruit.
542 1963 677 2024 Ceterum
693 1961 783 2023 clade
805 1962 961 2024 lceuorum
983 1964 1143 2042 compositi
1168 1966 1219 2044 qui

158 2047 269 2108 bellum
298 2048 375 2108 inter
403 2057 433 2109 et
460 2066 563 2125 pacem
592 2046 781 2119 dubitabant3
815 2056 843 2108 et
871 2048 976 2108 ductus
1005 2047 1095 2107 inde
1080 2048 1257 2142 Cangosb)

155 2133 320 2193 ‘exereitus
343 2133 452 2193 Vastati
469 2132 541 2208 agri,
562 2130 816 2210 praedaepassim
833 2141 926 2203 actae,
950 2150 1007 2192 non
1024 2132 1221 2196 ausisaciem

74 2237 78 2254 ·
156 2216 308 2287 hostibus,
330 2216 376 2275 vel
399 2219 424 2277 si
447 2235 481 2276 ex
503 2216 619 2277 occulto
642 2235 764 2295 carpere
787 2235 890 2294 agmen
908 2225 1095 2295 temptarent,
1111 2214 1219 2296 punito

160 2300 241 2359 dolo.
290 2301 410 2378 lamque
444 2308 561 2361 ventum
589 2301 667 2362 haud
688 2300 800 2380 procul
829 2301 902 2362 mari
932 2302 1009 2380 quod
1039 2302 1214 2364 Hiberniam

161 2383 288 2443 insulam
317 2391 464 2462 aspectat,
496 2403 561 2446 cum
590 2395 672 2447 ortae
699 2387 776 2466 apud
799 2385 954 2463 Brigantas
977 2386 1143 2447 discordiae
1163 2406 1214 2448 re-

132 2546 136 2551 ·
161 2475 275 2527 harere
298 2467 418 2537 ducem,
446 2468 653 2532 destinationis
675 2480 798 2544 certum,
821 2490 858 2531 ne
882 2489 955 2531 nora
978 2472 1132 2533 moliretur
1152 2471 1256 2533 nisitb

142 2550 312 2632 prioribus
341 2553 474 2614 firmatis
518 2555 554 2616 Et
568 2556 736 2652 Brigantes
765 2555 899 2636 quidem,
933 2557 1036 2635 paucis
1061 2558 1110 2635 qui
1135 2576 1218 2619 arma

163 2637 340 2716 coeptabant
363 2639 542 2712 interfectis,
566 2641 596 2701 in
619 2641 752 2722 reliquos
774 2642 839 2702 data
862 2641 963 2710 venia,
987 2642 1142 2702 resedere:
1166 2643 1217 2704 Si·

160 2721 256 2782 lurum
287 2741 359 2801 gens
387 2742 446 2783 nou
470 2725 637 2798 atrocitate,
667 2746 727 2788 uon
753 2726 908 2787 clementia
931 2727 1113 2798 mutabatur,
1143 2728 1217 2806 quin

161 2806 271 2868 bellum
295 2817 444 2869 exerceret
466 2811 630 2891 castrisque
649 2811 798 2889 legionum
815 2811 974 2890 premenda
993 2813 1075 2870 toret
1106 2812 1138 2872 ld
1156 2831 1217 2890 quo

160 2893 327 2972 promptius
348 2895 471 2968 veniret,
495 2896 612 2958 colonia
635 2897 867 2958 Camulodunum
888 2893 983 2953 valida
1005 2904 1256 2960 veteranorumao

162 2995 249 3037 manu
266 2977 421 3038 deducitur
436 2978 466 3039 iu
482 2999 568 3058 agros
584 2981 726 3059 captivos,
750 2977 914 3039 subsidium
930 2977 1070 3038 adversus
1087 2981 1219 3043 rebelles

195 3180 217 3227 t
234 3177 397 3227 Auouomel
414 3177 567 3242 Sabrinam,
592 3180 661 3227 hvon
711 3191 759 3225 von
785 3175 830 3224 deu
854 3174 965 3223 lceuern.
1002 3174 1083 3224 Ueher
1104 3179 1144 3227 die
1165 3183 1222 3235 leh-

160 3245 209 3294 uod
228 3243 329 3294 Severn.
686 3230 783 3292 leude
801 3232 984 3306 Prtiposition
974 3257 1039 3289 uns
1060 3259 1090 3290 zu
1108 3244 1139 3293 ll.
1155 3251 1201 3301 69
1251 3252 1257 3264 “

194 3315 216 3364 8
245 3313 330 3377 Iceni,
363 3315 409 3365 arri
439 3315 493 3364 dem
517 3311 660 3362 bstliehsteu
745 3312 785 3360 23.
805 3310 966 3371 Hiberniam,
985 3307 1076 3357 lrluud
1161 3316 1168 3329 ‘

159 3380 304 3447 Vorspruug
322 3352 366 3432 des
384 3376 657 3438 suidlicheoEuglauds.
745 3380 786 3430 24.
811 3378 863 3428 Die
892 3377 1028 3439 Brigaut
1034 3393 1070 3426 en
1096 3380 1221 3438 wohnten

194 3453 233 3501 11.
252 3453 352 3514 agresti
364 3465 479 3528 aggere,
506 3447 545 3495 ein
562 3444 656 3501 Dauum,
711 3446 743 3496 im
763 3446 905 3496 mirdlicheu
922 3444 1043 3508 Euglaud

159 3518 203 3568 mit
221 3519 275 3568 dem
293 3515 379 3568 lriihei·
396 3510 659 3565 eiuStuiclrIleldein-
744 3515 785 3566 27
813 3514 931 3566 Silurum
952 3529 1030 3578 gens
1055 3514 1087 3564 im
1105 3513 1219 3572 Westen

159 3587 256 3648 gelasst
272 3595 346 3636 ιιιιι.Ι
712 3583 756 3634 des
772 3583 868 3634 Severo
885 3583 934 3633 und
952 3586 1029 3632 hvon.

128 3708 130 3711 ,
195 3658 232 3706 15
241 3647 656 3724 ριιζὶίιιιιιὴιιιεῑιιᾞιηιιιιίαιὺ
745 3654 785 3703 30.
814 3653 918 3702 colonia
944 3650 1151 3701 Camulodunum
1174 3655 1218 3706 bei

195 3726 233 3775 t8.
253 3720 297 3770 Μ
305 3717 427 3767 Ostorius
446 3712 514 3764 XlV.
528 3715 567 3764 48
588 3713 657 3767 XVl
712 3720 758 3768 deu
776 3719 958 3776 Trinobanteu,
989 3718 1082 3768 stidlioh
1100 3735 1148 3769 von
1168 3723 1217 3773 deu

160 3793 199 3842 14.
220 3792 257 3840 15
710 3787 822 3837 lceuern.
858 3787 910 3836 Der
928 3787 974 3836 Ort
997 3788 1039 3836 hot
1061 3802 1145 3837 semen
1164 3788 1217 3841 Na

192 3853 290 3907 seruuti
307 3853 371 3901 civis
388 3849 471 3899 decus.
490 3849 546 3913 Vgl.
559 3849 601 3900 lll
616 3854 656 3903 20
710 3869 765 3904 men
783 3870 830 3903 von
849 3856 904 3904 dem
921 3854 1053 3905 celtischeu
1069 3855 1217 3920 Kriegsgott

192 3918 248 3979 32,-
272 3921 311 3972 20.
343 3917 457 3984 Ganges,
484 3919 659 3971 nordwestlich
713 3921 841 3974 Consules.
