2550 4350
105 278 230 339 petato)
262 252 476 335 ,aa'ttxcttsstt
493 274 562 328 lllVl
579 273 720 328 AUGUSTI
737 232 1006 328 mesenatae.
1097 265 1159 336 219

87 429 238 507 graditur
259 431 432 510 orditurque
454 429 638 492 deamicitia
660 428 777 491 Rubelli
798 428 905 502 Plauti,
929 428 1067 508 quodque
1090 447 1158 505 pro-

107 515 293 576 consulatum
315 516 405 578 llsiae
427 518 560 579 Soranus
587 533 642 594 pro
672 513 804 576 claritate
835 513 890 575 sibi
918 513 1019 593 potius
1042 512 1160 573 adcom-

105 599 257 661 modatum
280 620 367 680 quam
390 620 425 661 ex
448 600 572 661 utilitate
594 599 743 660 communi
766 598 886 677 egisset,
909 599 1014 659 alendo
1038 595 1159 657 seditio-

105 701 160 746 nes
182 684 353 746 civitatium.
396 686 500 747 Vetera
523 684 614 746 baec:
644 683 697 746 sed
719 695 877 746 recenset
900 692 972 763 quot
991 680 1161 742 discrimini

80 768 200 846 5patris
228 770 319 831 liliam
342 770 526 839 annectebat,
557 768 636 848 quod
658 768 814 846 pecuniam
836 769 932 846 magis
954 767 1090 847 dilargita
1112 785 1160 826 es·
1231 800 1237 809 κ

103 863 160 914 set.
181 854 338 917 Acciderat
359 873 430 916 sane
452 855 563 934 pietate
585 851 728 916 Serviliae
749 853 793 925 (id
815 853 894 914 enim
917 871 1025 915 nomen
1042 850 1160 932 puellae

103 937 179 1016 luit),
203 958 278 1018 quae
301 940 422 1001 caritate
445 957 513 1017 erga
537 946 699 1017 parentem,
722 937 810 998 simul
833 937 1023 1016 inprudentia
1045 934 1162 1008 aetatis,

104 1041 165 1083 non
189 1032 286 1086 tamen
315 1024 387 1084 aliut
409 1023 626 1085 consultaverat
640 1040 735 1119 quem
758 1022 795 1084 de
818 1021 1021 1085 incolumitate
1043 1022 1160 1092 domus,

102 1114 132 1167 et
154 1125 190 1168 an
214 1107 369 1190 placabilis
390 1108 480 1181 Nero,
502 1126 540 1170 an
561 1107 692 1184 cognitio
715 1115 836 1169 senatus
859 1105 934 1167 nihil
956 1116 1040 1167 atrox
1062 1106 1115 1168 adl
1114 1124 1161 1167 er-

64 1199 95 1249 10
105 1200 160 1251 ret
203 1193 297 1272 Igitur
324 1193 419 1254 accita
441 1201 489 1255 est
508 1193 540 1253 in
563 1201 707 1263 senatum,
716 1200 936 1270 steteruntque
959 1191 1068 1253 diversi
1092 1198 1160 1251 ante

101 1275 232 1337 tribunal
254 1277 407 1339 consulum
431 1277 551 1355 grandis
574 1295 646 1339 aevo
667 1295 787 1356 parens,
810 1286 912 1339 contra
935 1276 996 1338 filia
1019 1277 1095 1338 intra
1118 1275 1160 1335 vi-

104 1362 248 1423 cesimum
271 1363 376 1423 aetatis
399 1380 518 1434 annum,
541 1380 637 1441 nuper
657 1361 765 1423 marito
787 1360 884 1423 Annio
899 1361 1066 1432 Pollione'
1058 1380 1089 1422 m
1112 1380 1210 1430 ev·¹
1206 1417 1210 1430 ,

103 1446 202 1507 silium
230 1447 318 1526 pulso
346 1447 461 1508 viduata
492 1446 684 1525 desolataque
712 1465 746 1507 ac
774 1465 812 1507 ne
832 1455 948 1526 patrem
972 1445 1091 1526 quidem
1115 1446 1160 1507 in-

103 1541 198 1604 tuens,
228 1531 312 1592 cuius
336 1550 478 1592 onerasse
498 1530 632 1609 pericula
653 1530 817 1591 videbatur.
861 1531 937 1591 Tum
959 1531 1159 1609 interrogante
1172 1535 1210 1597 31

64 1624 93 1673 15
104 1624 287 1687 accusatore,
317 1633 354 1675 an
383 1615 478 1677 cultus
506 1615 631 1686 dotales,
665 1633 703 1674 an
732 1615 895 1675 detractum
919 1616 1027 1675 cervici
1048 1617 1160 1677 monile

103 1719 209 1762 venum
232 1699 374 1774 dedisset,
399 1717 457 1778 quo
479 1698 636 1777 pecuniam
659 1696 804 1758 faciendis
826 1697 950 1775 magicis
973 1698 1066 1759 sacris
1090 1718 1161 1759 con·
1234 1723 1236 1725 ·

102 1786 243 1858 traheret,
264 1785 394 1864 primum
417 1792 508 1845 strata
530 1781 612 1844 humi
633 1781 783 1862 longoque
805 1783 877 1843 fletu
893 1791 922 1844 et
937 1781 1068 1854 silentio,
1091 1792 1161 1862 post

103 1869 206 1931 altaria
231 1881 261 1931 et
281 1888 362 1930 aram
377 1868 541 1947 complexa,
564 1865 678 1938 Nullos,
701 1865 807 1946 inquit,
830 1866 939 1946 impios
957 1867 1040 1939 deos,
1063 1868 1160 1929 nullas

103 1955 287 2026 devotiones,
316 1973 372 2016 nec
400 1953 474 2033 alipt
500 1951 672 2014 infelicibus
699 1951 839 2032 precibus
861 1951 994 2014 invocavi
1018 1969 1105 2031 quam
1129 1950 1162 2015 'ut

61 2039 185 2099 tttbunc
207 2039 352 2117 optimum
373 2048 488 2119 patrem
510 2047 551 2109 tu,
575 2037 692 2110 Caesar,
715 2055 778 2109 vos,
800 2045 911 2116 patres,
934 2037 1090 2098 servaretis
1113 2038 1160 2099 in·

105 2122 261 2184 columem.
306 2124 357 2185 Sic
378 2142 519 2202 gemmas
533 2131 564 2185 et
583 2131 681 2184 vestes
705 2131 734 2184 et
756 2121 908 2199 dignitatis
930 2120 1059 2198 insignia
1082 2122 1162 2194 dedi,

105 2208 254 2286 quomodo
277 2207 305 2268 si
328 2209 499 2286 sanguinem
523 2219 554 2269 et
573 2207 664 2268 vitam
685 2203 907 2287 poposcissent.
945 2206 1079 2267 Viderint
1101 2207 1160 2274 isti.
1205 2226 1209 2272 ῑ

98 2292 231 2355 *antebac
253 2292 325 2353 mibi
348 2293 451 2391 ignqti
475 2312 533 2373 quo
557 2291 678 2354 nomine
701 2292 771 2366 sint,
794 2310 868 2370 quas
891 2300 969 2352 artes
986 2302 1158 2354 exerceant:

104 2376 185 2439 nulla
214 2377 287 2438 mibi
316 2378 462 2472 principis
490 2379 602 2439 mentio
625 2377 783 2440 nisiinter
805 2377 927 2440 numina
949 2376 1014 2436 luit.
1057 2377 1158 2439 Nescit

60 2472 201 2524 ettamen
226 2461 410 2522 miserrimus
433 2471 532 2540 pater3
555 2472 584 2523 et
606 2462 632 2522 si
654 2462 767 2524 crimen
790 2472 845 2536 est,
868 2462 932 2523 sola
954 2461 1077 2541 deliqui.
1100 2464 1157 2525 Lo·
1170 2465 1211 2528 32
1254 2508 1256 2515 ·

103 2545 222 2641 quentis
245 2544 352 2605 adbuc
363 2545 451 2606 verba
473 2545 582 2623 excipit
604 2545 735 2608 Soranus
758 2548 979 2625 proclamatque
1003 2565 1063 2606 non
1081 2548 1162 2609 illam

103 2629 134 2689 in
167 2628 350 2726 provinciam
384 2647 486 2689 secum
517 2630 693 2707 prolectam,
728 2648 786 2690 non
808 2630 913 2691 Plauto
945 2649 1000 2708 per
1033 2639 1160 2693 aetatem

51 2758 54 2765 -
102 2714 188 2801 nosci
211 2711 356 2792 potuisse,
379 2731 439 2773 non
462 2712 636 2775 criminibus
659 2713 757 2774 mariti
780 2732 938 2773 conexam.
964 2714 1074 2775 nimiae
1097 2725 1160 2775 tan·
1238 2732 1244 2750 ·

134 2891 188 2954 80
214 2897 238 2949 2.
261 2911 314 2962 pro
338 2895 498 2946 elamtat⁴e
491 2912 523 2946 im
541 2894 606 2947 Ver·
691 2897 731 2948 12.
739 2894 961 2946 AnnioPollione.
971 2895 999 2944 S
1006 2894 1064 2946 XV.
1074 2900 1114 2949 to
1120 2901 1161 2950 tt

100 2965 204 3018 biliosus
213 2963 355 3016 zuniGlanz
365 2963 510 3021 desselben
531 2979 605 3014 wenu
689 2959 742 3021 31
759 2967 798 3015 ll.
812 2962 1163 3027 longoqueslctoeteilentio

99 3049 156 3087 man
177 3032 292 3086 bedeuke
320 3032 370 3083 wie
393 3033 452 3083 sebr
476 3034 521 3084 dos
545 3031 606 3083 Pro·
656 3031 713 3082 sind
729 3030 848 3083 Ablative
866 3031 1090 3094 derlligenscbalt.
1104 3033 1161 3097 Vgl.

99 3102 312 3154 consulotbsiens
330 3101 370 3152 dre
379 3104 466 3166 Augen
484 3101 548 3152 aller
562 3100 610 3151 auf
655 3099 713 3153 XV.
735 3103 776 3153 ot

99 3169 152 3219 sich
170 3171 248 3228 ziebo.
269 3169 318 3220 und
335 3170 385 3221 tvie
403 3172 462 3222 selu·
479 3170 576 3221 daber
566 3185 607 3235 Je·
693 3171 738 3222 ts.
759 3168 859 3220 altatae
876 3166 992 3217 scbeinen
1016 3168 1056 3219 die
1075 3170 1163 3222 Stulen

100 3237 153 3293 der
177 3237 222 3286 der
239 3253 266 3286 es
282 3239 412 3297 verwalte‚
433 3240 486 3289 siob
503 3240 607 3306 person·
657 3253 688 3287 zu
705 3237 767 3295 sein,
794 3236 841 3285 aul
856 3235 935 3286 denen
953 3237 994 3286 die
1012 3254 1062 3289 ara
1079 3240 1162 3292 stand.

99 3302 436 3365 liebzurdclrbaltcnmdsse,
452 3307 606 3358 damitnicbt
689 3305 779 3356 nullae
807 3304 963 3355 devotiones.
1011 3305 1105 3356 Hicmu
1132 3308 1167 3359 ist

100 3369 605 3424 aolrdbreriscbePersouenavililmihre
656 3373 696 3424 ein
720 3371 910 3435 allgemcineres
927 3372 1038 3423 Verbum
1061 3389 1105 3424 aus
1123 3377 1165 3424 in-

101 3435 224 3499 Holl'nung
240 3443 346 3486 setzten.
366 3480 369 3484 ,
656 3441 751 3490 vocavi
775 3455 805 3491 zu
829 3441 990 3497 catnebmen.
1023 3455 1077 3490 was
1101 3442 1164 3492 aucb

134 3509 159 3557 4.
185 3509 250 3570 quot
272 3504 313 3553 lviv
335 3504 418 3569 quod,
443 3504 488 3554 das
512 3505 606 3556 Relati-
656 3508 748 3558 onders
779 3522 827 3557 von
858 3507 946 3558 nullon
978 3509 1073 3572 impios
1102 3507 1165 3560 dece

100 3590 166 3625 vum.
200 3572 295 3622 Etwas
313 3587 396 3630 cenes,
424 3573 473 3621 und
489 3588 545 3623 was
561 3573 607 3624 mit
640 3573 694 3627 'ets
712 3589 760 3624 von
776 3575 846 3627 aliut
862 3581 951 3638 gesagt
968 3573 1009 3624 ist.
1036 3574 1098 3625 Wie
1117 3577 1163 3628 dns

101 3643 147 3693 der
165 3641 260 3692 Gelehr
278 3639 420 3691 desVaters
438 3640 478 3690 dic
496 3639 607 3691 Tocbter
655 3641 762 3693 letztore
780 3644 847 3694 steht
863 3642 921 3696 XV.
941 3644 974 3695 59
998 3642 1104 3693 auxilia
1121 3646 1162 3694 ire-

99 3710 257 3776 verlmdplte.
278 3723 341 3767 war,
363 3709 421 3758 dass
439 3707 513 3758 sie·
523 3707 602 3759 habe’.
655 3724 758 3761 vocare

134 3781 158 3828 t.
179 3779 392 3842 quae-metatis.
428 3775 521 3828 Hierzu
539 3776 606 3826 wird
689 3779 731 3829 20.
757 3781 800 3842 tae,
826 3777 927 3829 Cacsar.
964 3776 1007 3828 Sic
1030 3778 1103 3828 redet
1120 3778 1161 3830 ibn

99 3861 145 3896 aus
169 3846 224 3896 dem
246 3844 387 3908 Fulgenden
411 3846 607 3896 consultaverat
655 3853 721 3896 trotz
738 3847 822 3896 seiner
840 3845 1019 3897 Abwesenbeit
1036 3861 1075 3896 aa.
1099 3844 1163 3898 licr-

99 3914 213 3978 gedncbt.
655 3913 724 3965 selbo
743 3914 796 3966 Feli
813 3914 848 3965 ist
864 3911 908 3964 Vl.
925 3915 949 3966 8.
