2756 4472
176 276 237 360 llll
560 276 707 330 comem
724 275 837 330 'lect'll
941 299 945 307 .
1120 280 1241 344 (sumes

174 440 288 520 privata
309 435 427 515 negotia
449 442 480 496 et
499 453 549 496 res
570 432 729 494 familiares
752 437 871 492 nostras
893 430 942 492 bic
963 447 1140 510 augeamus,
1174 451 1241 494 cum

174 523 283 586 invidia
310 530 430 584 senatus
458 531 488 580 et
517 518 698 598 principum,
741 515 802 576 sive
836 515 1015 578 indulserint
1043 516 1242 594 largitionem,

175 609 239 672 sive
260 607 427 668 abnuerint.
470 605 537 664 Non
559 602 637 664 enim
659 618 763 678 preces
786 607 857 662 sunt
877 599 960 673 istut,
984 601 1036 662 sed
1059 599 1242 680 efflagitatio,

176 691 384 771 intempestiva
406 688 525 768 quidem
548 695 577 746 et
598 685 760 764 inprovisa,
784 703 849 745 eum
873 684 938 746 aliis
962 685 999 746 de
1021 684 1110 746 rebus
1132 704 1243 748 eonve-
1288 735 1295 748 ,

176 776 276 839 nerint
304 785 421 854 patres,
454 789 636 848 consurgere
666 777 696 831 et
724 787 847 832 numero
868 779 966 848 atque
994 778 1089 830 aetate
1116 770 1269 832 liberumo

176 880 301 926 suorum
325 876 431 937 urgere
452 855 629 916 modestiam
652 862 790 925 senatus,
814 854 937 914 eundem
960 854 1021 916 vim
1034 855 1064 916 iu
1079 873 1127 916 me
1144 862 1243 916 trene-

176 947 294 1008 mittere
321 963 355 1006 ec
389 940 467 1002 velut
497 940 681 1019 perfringere
715 938 878 1011 aerarium,
912 939 992 1016 quod
1025 939 1052 1000 si
1083 939 1245 1002 ambitiose

178 1030 411 1098 exhauserimus,
433 1043 487 1105 per
510 1024 621 1086 scelere
644 1023 839 1102 supplendum
863 1023 927 1084 erit.
969 1023 1056 1084 Dedit
1077 1023 1138 1096 libi,
1161 1023 1243 1086 Hor·

177 1114 248 1185 tale,
277 1114 361 1175 divus
383 1111 533 1188 Augustus
556 1108 727 1188 pecuniam,
756 1109 809 1168 sed
838 1126 899 1168 non
926 1107 1110 1186 conpellatus
1133 1125 1188 1168 nec
1210 1127 1245 1170 ee

177 1199 243 1276 lege
264 1205 297 1258 ut
317 1211 436 1271 semper
457 1193 586 1254 daretur.
621 1193 806 1271 languescet
826 1191 936 1270 alioqui
957 1192 1118 1265 industria,
1140 1193 1287 1254 inter-10

69 1315 76 1320 -
177 1283 261 1342 detur
290 1277 446 1350 socordia,
476 1278 502 1338 si
525 1277 623 1338 nullus
647 1297 682 1338 ex
705 1285 857 1338 semeles
887 1285 937 1338 aut
963 1295 1069 1356 spes31
1087 1286 1118 1338 et
1137 1276 1245 1340 ,securi

178 1383 281 1425 omues
303 1362 396 1424 eliens
419 1362 552 1424 subsidia
582 1361 793 1441 expectabunt,
826 1361 885 1422 sibi
913 1361 1027 1438 ignavi,
1060 1360 1146 1424 nobis
1174 1380 1244 1440 grs-

102 1523 106 1526 ,
177 1466 238 1508 ves.
275 1447 355 1508 llaec
376 1454 463 1526 etque
485 1445 563 1519 talia,
586 1465 762 1525 quemqnam
786 1464 852 1506 oum
875 1445 1005 1506 adsensu
1028 1445 1126 1508 audita
1147 1445 1185 1507 ab
1207 1446 1245 1510 'tis

176 1532 284 1611 quibus
306 1532 405 1592 omnia
426 1531 610 1610 principum,
643 1533 770 1592 honesta
798 1537 886 1609 etque
917 1531 1090 1602 inhonesta,
1123 1531 1245 1592 laudere
1305 1595 1310 1599 ,

148 1661 152 1668 -
175 1635 241 1678 mos
265 1624 321 1689 est,
344 1616 447 1695 plures
467 1633 525 1694 per
541 1616 692 1676 silentium
712 1622 763 1674 aut
778 1615 924 1675 oecultum
941 1633 1075 1676 murmur
1089 1629 1243 1694 excepere.
1258 1629 1286 1676 15

179 1700 341 1780 Sensitque
364 1700 518 1772 Tiberius;
552 1709 584 1760 et
604 1720 671 1762 cum
700 1699 820 1779 paulum
847 1699 1034 1770 reticuisset,
1065 1699 1256 1777 Hortalose‘

175 1786 368 1863 respondisse
391 1786 447 1857 ait;
470 1792 602 1846 ceterum
624 1785 649 1846 si
671 1783 804 1862 patribus
827 1783 986 1855 videretur,
1008 1784 1145 1844 daturum
1167 1783 1245 1845 libe·
1317 1807 1321 1814 2

177 1870 231 1946 ris,
250 1869 314 1931 eius
343 1871 456 1930 ducena
487 1869 625 1930 sestertia
654 1868 777 1947 singulis
812 1867 862 1948 qni
893 1887 981 1928 sexus
1010 1867 1102 1930 virilis
1132 1872 1244 1930 essent.

178 1953 273 2031 Egere
295 1954 343 2014 alii
367 1963 479 2032 gretes:
502 1954 582 2015 siluit
597 1954 755 2025 Hortalus,
777 1971 886 2032 pavore
909 1971 946 2012 an
969 1952 1062 2013 aritae
1083 1953 1245 2014 nobilitatis

179 2039 267 2101 etiam
289 2039 367 2098 inter
388 2040 537 2117 angustiis
559 2041 696 2099 fortunae
716 2037 859 2098 retinens.
892 2037 993 2116 Neque
1015 2037 1173 2099 miseratus
1196 2047 1286 2100 estol

177 2123 303 2202 posthac
330 2123 484 2195 Tiberius,
522 2123 654 2201 quamvis
691 2123 798 2184 domus
829 2121 981 2182 Hortensii
1014 2122 1182 2200 pudendam
1210 2123 1246 2184 ad

179 2207 311 2286 inopiam
332 2207 528 2268 delaberetur.
662 2213 664 2218 ’

126 2291 167 2354 39
263 2292 375 2351 Eodem
399 2309 476 2352 anno
500 2291 637 2368 mancipii
660 2290 748 2351 unius
772 2290 907 2362 audacia,
929 2291 960 2351 ni
976 2298 1090 2351 mature
1113 2291 1245 2352 subven-

177 2385 240 2436 tum
263 2377 349 2447 loret,
373 2375 531 2436 discordiis
554 2375 704 2453 armisque
727 2374 858 2435 civilibus
881 2393 943 2436 rem
965 2375 1112 2454 publicam
1134 2395 1243 2456 percu-

177 2460 273 2522 lisset.
310 2460 445 2520 Postumi
460 2460 605 2538 Agrippae
628 2478 750 2532 servus,
780 2460 901 2520 nomine
924 2459 1076 2531 Clemens,
1100 2469 1285 2538 conpertoto

177 2545 236 2604 fine
257 2546 381 2623 Augusti
408 2563 533 2623 pergere
560 2544 590 2604 in
619 2543 745 2604 insulam
768 2543 933 2604 Planasiam
966 2555 995 2606 et
1022 2545 1124 2605 lraude
1145 2554 1195 2605 eut
1217 2545 1245 2606 vi

177 2639 294 2708 raptum
316 2630 473 2709 Agrippam
503 2632 579 2690 lerre
607 2629 643 2689 ad
673 2629 818 2689 exercilus
842 2629 1033 2690 Germanicos
1062 2647 1122 2690 non
1145 2629 1246 2690 servili

213 2765 234 2814 l.
249 2765 361 2829 privata
386 2727 506 2828 negotia?
542 2763 635 2814 Hierzu
655 2762 688 2812 ist
738 2765 877 2827 tecturam,
897 2779 952 2815 non
971 2762 1007 2814 od
1022 2779 1100 2814 mom
1118 2761 1248 2814 indicium

176 2847 222 2881 aus
240 2847 386 2896 augeam
411 2832 458 2881 der
475 2830 623 2892 ellgemcine
642 2831 688 2882 Bc·
738 2833 899 2882 scribantur.
936 2831 993 2881 Seu.
1014 2845 1083 2881 cons.
1104 2832 1136 2881 nd
1157 2829 1245 2897 Polyb.

40 2953 44 2964 Ἰ
176 2897 237 2960 griff
252 2900 296 2948 des
312 2900 438 2950 Fordems
456 2915 488 2948 zu
506 2902 661 2950 entnebmen.
739 2900 870 2957 elmete
898 2898 1048 2956 Maximum
1064 2898 1193 2948 solacium
1211 2903 1250 2948 est

109 3023 111 3027 Ι
210 2967 232 3014 3.
251 2967 323 3014 istut.
361 2966 387 3014 S.
408 2982 439 3014 zu
457 2965 530 3016 lte.
738 2968 859 3028 cogitare
886 2965 916 3012 td
944 2967 997 3014 eibi
1022 2965 1152 3014 oecidr'm
1177 2965 1251 3029 quod
1348 2987 1352 2995 ¹

212 3032 250 3078 ll.
268 3032 294 3077 ci
310 3031 401 3079 nullus
414 3060 443 3068 u
452 3046 533 3096 spese
544 3047 617 3081 weun
630 3047 686 3080 niun
738 3036 800 3080 ante
816 3047 844 3078 ee
858 3033 934 3094 paesi
944 3034 1000 3079 sint
1010 3045 1099 3080 omnes
1108 3045 1250 3096 omnesque

175 3094 228 3143 sieb
246 3095 335 3143 weder
351 3111 399 3144 vor
420 3095 472 3143 sicli
491 3095 575 3146 selber
592 3099 688 3146 scbdml
734 3098 860 3160 passum
894 3097 926 3144 de
959 3097 1043 3145 benef,
1075 3095 1105 3145 ll.
1137 3099 1182 3154 17,
1215 3102 1247 3151 6:

175 3161 239 3210 noel
258 3162 305 3208 aul
320 3160 371 3208 sieb
390 3159 469 3210 selbst
486 3170 609 3212 vertrnut.
643 3163 685 3225 Se,
737 3163 842 3224 Quanto
865 3163 960 3212 melius
982 3162 1075 3222 facere
1098 3169 1130 3213 ut
1154 3170 1250 3230 potin

176 3228 239 3276 olme
267 3227 326 3274 dass
361 3226 417 3276 eine
449 3227 545 3277 Person
577 3238 687 3291 genennt
735 3230 788 3278 sibi
812 3228 913 3288 referri
933 3232 1035 3295 poesie·
1063 3246 1101 3297 ep.
1129 3231 1147 3282 l.
1169 3235 1192 3291 6,
1216 3239 1246 3286 2:

175 3294 255 3347 wire,
280 3293 375 3345 ‘blinem
391 3293 484 3343 selbst'.
521 3294 573 3345 Cic.
592 3297 623 3346 de
642 3297 683 3346 lin.
735 3295 810 3345 ¹illius
827 3311 905 3348 verce
931 3298 1076 3360 (curicitieel
1094 3315 1175 3364 quom
1192 3317 1249 3352 non

175 3359 195 3410 Ι.
206 3361 246 3416 20,
256 3361 303 3410 ot:
325 3363 459 3411 amicitiae
471 3377 526 3412 non
534 3364 612 3414 modo
624 3364 686 3425 fao·
735 3379 802 3429 spes,
815 3379 870 3413 non
881 3367 1035 3431 timor‚non
1047 3367 1248 3419 utilitatissoac
1284 3395 1286 3401 ·

175 3429 255 3478 trices
272 3427 455 3492 fidelissimae,
482 3430 530 3480 sed
551 3433 631 3482 etiam
649 3432 686 3493 cs·
738 3447 804 3482 cora
829 3431 946 3497 divellen-
974 3434 1004 3484 V.
1021 3437 1121 3494 tersit,
1139 3439 1182 3488 14:
1203 3435 1247 3486 de·

175 3495 545 3562 sectriceceontoobcptatom
554 3504 609 3549 tem
621 3502 686 3550 ami·
736 3498 839 3553 eidernt
852 3505 995 3566 propriam
1017 3507 1044 3552 et
1061 3503 1170 3568 longam
1186 3519 1248 3554 erce·

176 3566 216 3614 cis
239 3578 318 3628 quom
342 3565 410 3626 sidi,·
437 3565 468 3615 de
496 3575 545 3616 nat.
573 3569 643 3618 deor.
663 3567 683 3617 l.
737 3570 868 3618 cntionem
899 3569 1120 3635 quemadmodum
1143 3572 1247 3637 populo

175 3634 216 3689 44,
231 3633 291 3682 122:
323 3647 377 3681 non
401 3634 454 3682 erit
476 3635 528 3684 cirta
557 3638 686 3700 amicilia,
737 3635 932 3700 disserendum,
957 3637 1024 3702 quid
1040 3640 1092 3688 eidi
1117 3645 1185 3704 aput
1200 3655 1247 3704 po·

173 3698 222 3748 sed
247 3704 399 3749 mercatura
425 3701 555 3764 quaedem
584 3703 686 3753 utilite·
735 3704 830 3770 polum
836 3705 1052 3770 pemittercdacm,
1069 3706 1135 3771 quid
1142 3707 1246 3772 populo

176 3766 231 3816 lum
254 3783 379 3831 sucrum,
406 3783 430 3816 u.
451 3769 518 3819 dller
541 3769 581 3820 bei
606 3771 683 3821 denis.
737 3777 805 3838 aput
820 3788 854 3821 se.
1021 3809 1024 3816 «
1147 3823 1149 3827 ,

176 3831 286 3884 Caecina
303 3835 326 3885 b.
348 3833 401 3885 Cic.
422 3837 454 3886 nd
472 3837 531 3887 lum.
552 3837 595 3888 Vl.
611 3841 635 3896 l,
654 3842 684 3890 4:
770 3832 818 3894 39.
844 3841 883 3890 25.
902 3838 1021 3892 Postumi
1036 3841 1182 3908 Agrippae
1218 3842 1242 3892 S.

177 3913 236 3948 enm
250 3901 372 3965 plurimo
382 3903 419 3953 ad
431 3904 514 3956 alieni
523 3921 614 3958 aeneus
624 3922 686 3960 con·
737 3907 757 3957 l.
771 3908 795 3958 3.
808 3909 832 3958 5.
844 3909 869 3958 6.
