2550 4350
82 264 207 325 penu)
258 261 300 311 nu
319 258 472 311 excussu
490 259 558 312 mvl
576 258 718 310 aucusrr
735 259 805 311 xut.
823 263 863 313 34.
876 265 916 314 ss.
928 265 968 316 se.
1109 254 1149 315 95

81 434 117 477 ac
140 415 278 476 libertate
302 415 400 491 ignota
423 414 490 476 illut
511 414 605 491 magis
628 414 665 475 ad
689 415 842 476 servitium
865 415 1055 495 inclinantes.
1089 419 1149 481 Sed
1159 422 1199 485 35

83 499 245 569 Corbuloni
268 500 336 578 plus
358 498 447 560 molis
471 500 612 565 adversus
628 499 775 576 ignaviam
798 499 923 561 militum
942 519 1029 579 quam
1045 512 1151 565 contra

82 583 239 662 perfidiam
263 583 394 644 hostium
423 592 496 646 erat.
548 583 668 671 Quippe
691 584 774 663 Syria
798 593 980 645 transmotae
1002 584 1146 662 legiones,

26 734 33 748 ⁴
83 686 158 747 pace
180 668 268 745 longa
291 686 414 745 segnes,
438 668 540 729 munia
565 666 738 731 nostrorum
759 668 960 730 Romanorum
984 670 1149 747 aegerrime

55 753 270 813 atolerabant..
320 753 400 814 Satis
421 746 570 814 'constitit
598 753 692 813 luisse
715 753 745 812 in
761 772 805 814 'eo
829 756 960 816 exercitu
981 764 1147 827 veteranos,

82 837 132 916 qui
156 856 216 898 non
238 837 414 911 stationem,
444 856 505 897 non
527 837 644 914 vigilias
668 837 812 909 inissent,
844 839 951 899 vallum
975 840 1148 916 fossamque

82 921 167 1000 quasi
191 941 267 982 nova
290 929 320 981 et
342 923 416 981 mira
439 921 584 994 viserent,
608 921 675 982 sine
697 922 805 998 galeis,
830 923 895 983 sine
917 923 1035 996 loricis,
1060 924 1149 984 nitidi

81 1015 112 1066 ot
135 1005 325 1084 quaestuosi,
355 1005 461 1066 militia
486 1024 543 1085 per
565 1006 676 1085 oppida
706 1007 830 1085 expleta.
888 1008 982 1085 lgitur
1014 1008 1148 1068 dimissis

81 1090 190 1168 quibus
214 1101 352 1151 senectus
377 1099 428 1151 aut
449 1090 579 1152 valitudo
596 1090 719 1151 adversa
742 1100 814 1164 erat,
838 1092 1079 1171 supplementum
1094 1112 1147 1171 pe-

42 1186 72 1234 10
85 1175 160 1234 tivit.
213 1175 248 1234 Et
271 1173 365 1234 hahiti
388 1193 444 1253 per
466 1174 610 1234 Galatiam
634 1175 913 1254 Cappadociamque
937 1177 1073 1251 dilectus,
1097 1177 1149 1238 ad·

82 1260 220 1337 lectaque
244 1278 278 1319 ex
291 1259 448 1320 Germania
470 1258 548 1336 legio
572 1255 639 1319 cum
662 1260 813 1338 equitibus
837 1261 939 1321 alariis
962 1271 992 1323 et
1013 1262 1149 1340 peditatu

82 1343 261 1404 cohortium.
292 1343 496 1422 Reteutusque
519 1344 617 1404 omnis
640 1345 787 1406 exercitus
810 1345 866 1406 sub
882 1344 1022 1424 pellibus,
1046 1365 1149 1425 quaut-

82 1429 127 1487 vis
150 1428 249 1488 lrieme
272 1446 360 1488 saeva
383 1428 458 1489 adeo
483 1437 515 1488 ut
537 1427 666 1488 obducta
698 1428 794 1505 glacie
823 1429 883 1491 uisi
907 1432 1017 1494 ellossa
1039 1432 1148 1492 liumus

81 1512 221 1573 tentoriis
241 1513 341 1572 locum
365 1531 425 1573 non
447 1511 616 1591 praeberet.
667 1512 804 1574 ambusti
827 1515 987 1575 multorum
1012 1526 1093 1576 artus
1120 1516 1148 1575 vi
1246 1521 1253 1530 “

43 1597 222 1674 subigens,
247 1605 276 1656 ct
299 1596 419 1675 quidam
442 1595 521 1656 inter
542 1594 682 1656 excubias
704 1598 863 1658 exanimati
885 1609 965 1660 sunt.
1017 1600 1148 1661 Adnota-

83 1691 191 1759 tusque
212 1681 310 1752 miles,
336 1680 522 1758 qui-fascem
555 1679 566 1741 i
588 1687 693 1739 norum
717 1681 860 1755 gestabat,
884 1681 923 1742 ita
946 1684 1149 1760 praeriguisse

82 1784 188 1826 manus
211 1773 244 1825 ut
266 1765 351 1825 oneri
374 1764 504 1853 adhaer,
625 1762 709 1823 uncis
725 1763 858 1824 brachiis
875 1765 1058 1824 deciderent.
1081 1768 1150 1843 lpse

84 1848 165 1912 cultu
188 1849 254 1920 levi,
280 1848 376 1928 capite
399 1679 742 1941 intectifflgmiue,
776 1847 806 1907 in
829 1847 983 1908 laboribus
1006 1849 1149 1925 frequens

83 1934 205 2006 adesse3
227 1934 346 1994 laudem
369 1933 510 2006 strenuis,
531 1914 678 1992 s'bia'cium
700 1931 848 2004 invalidis,
873 1931 1040 2010 exemplum
1054 1932 1149 1993 omni-

41 2019 140 2079 uubus
163 2019 334 2079 ostendere.
375 2016 489 2078 Dehinc
512 2015 580 2096 quia
603 2015 741 2076 duritiam
766 2015 839 2081 caeli
864 2015 1048 2095 militiaeque
1064 2016 1150 2076 multi

84 2103 256 2164 abnuebant
281 2101 543 2181 -deserebantque‚
580 2100 746 2161 remedium
784 2100 942 2162 severitate
982 2102 1151 2180 quaesitum

85 2195 141 2248 est.
185 2188 247 2247 Nec
270 2186 364 2260 enim,
388 2195 421 2248 ut
445 2187 472 2248 in
497 2186 568 2259 aliis⁸
587 2185 783 2258 exercitibus,
812 2185 941 2264 primum
965 2184 1151 2263 alterumque
1224 2229 1231 2239 .

86 2271 226 2332 delictum
250 2271 334 2332 venia
358 2271 613 2351 prosequebatur,
637 2271 689 2331 scd
714 2271 764 2350 qui
788 2269 1066 2350 signa'reliquerat,
1090 2281 1150 2330 sta·

70 2357 136 2417 ‘tim
161 2356 258 2436 capite
288 2356 403 2436 poenas
426 2350 536 2418 luebat.
591 2355 684 2434 ldque
707 2375 762 2416 usu
785 2356 904 2417 salubre
928 2365 958 2416 et
979 2355 1152 2417 misericor-

43 2442 136 2502 25dia
159 2442 265 2502 melius
288 2440 441 2518 apparuit:
476 2441 588 2520 quippe
616 2441 774 2517 pauciores
798 2441 848 2501 illa
872 2452 968 2502 castra
992 2442 1153 2502 deseruere

86 2543 174 2603 quam
204 2543 238 2584 ea
262 2524 293 2582 iu
318 2523 426 2599 quibus
449 2523 671 2598 ignoscebatur.
720 2525 849 2605 iuterim
873 2524 1002 2586 Corbulo
1025 2524 1151 2601 legioni·
1164 2524 1205 2587 36

85 2609 142 2668 bus
165 2606 243 2666 iutra
267 2614 364 2701 castra
393 2606 519 2677 habitis,
553 2606 649 2666 donec
671 2625 722 2667 ver
744 2607 945 2676 adolesceret,
980 2607 1153 2684 dispositis·
1225 2663 1232 2674 ,

120 2744 143 2790 l.
181 2738 245 2787 illut
271 2740 361 2801 magis
384 2737 422 2786 ud
448 2739 593 2800 seruitium,
681 2737 862 2799 tumultibus
871 2736 966 2785 alariis
982 2743 1008 2786 et
1015 2739 1076 2802 ped.
1090 2739 1156 2801 colu,
1227 2733 1235 2742 ’

82 2805 142 2857 (1.11.
164 2808 219 2856 dem
238 2813 312 2855 unter
329 2806 380 2855 den
395 2803 527 2855 l’arthern.
547 2804 595 2854 Ilia
645 2803 733 2853 beides
751 2802 981 2864 Buudesgeuosseu.
1000 2803 1026 2854 S.
1041 2821 1073 2854 zu
1082 2804 1101 2854 1.
1112 2807 1153 2857 63.

83 2877 145 2927 llds.
166 2873 240 2924 iiiuc.
284 2870 355 2923 Danu
374 2875 443 2923 wire
462 2872 499 2922 ud
513 2874 595 2921 serci-
646 2869 687 2920 lll.
706 2872 748 2922 lu.

82 2946 150 2993 tium
176 2941 321 3004 Erlldruug
347 2956 394 2991 von
421 2940 487 2991 illuc
508 2965 542 2986 =
560 2940 596 2990 ud
683 2941 720 2990 13.
748 2935 861 2987 obducta
895 2939 984 3000 gelrdrt
1006 2955 1036 2988 zu
1059 2939 1155 3003 glacie.

83 3012 205 3062 Parthos.
253 3009 322 3059 Aber
345 3024 401 3060 wer
425 3008 464 3059 die
483 3008 611 3071 retinen·
646 3006 868 3056 Duunconstruire
882 3007 976 3057 lustinus
990 3009 1044 3056 utri
1060 3007 1156 3069 effossa

83 3080 258 3136 nichtlreuut‚
289 3094 336 3128 von
363 3078 418 3128 dem
443 3077 476 3127 ist
494 3092 521 3127 es
538 3091 596 3127 ver-
647 3091 671 3137 u.
692 3089 712 3124 s.
733 3091 766 3125 w.

16 3150 21 3155 '
83 3148 158 3196 kehrt
181 3162 212 3196 zu
237 3161 314 3208 sagon
334 3147 392 3197 dass
410 3161 439 3196 er
457 3145 509 3195 sich
527 3145 599 3195 urelrr
684 3145 723 3195 16.
751 3144 935 3208 praeriguisse
957 3158 1052 3193 manus
1073 3150 1159 3193 ‘vorne

82 3230 130 3264 zur
148 3214 328 3264 Kneclrtschull
345 3215 421 3277 ueigt,
446 3215 479 3264 da
497 3229 526 3264 er
543 3212 595 3269 sich
648 3227 679 3261 au
698 3212 745 3265 deu
754 3212 857 3262 nanuen
876 3212 1005 3270 erlroren',
1031 3212 1159 3276 ‘dassihm

82 3283 206 3404 ²⁰33?
219 3282 601 3413 §ultusultus
626 3279 1083 3412 ·llutlutl.litttlttt
1105 3280 1158 3396 l?

84 3432 106 3464 c.
120 3418 144 3466 8.
159 3414 241 3464 [leber
249 3415 295 3464 deu
302 3415 401 3465 blossen
410 3415 466 3464 Abl.
476 3432 506 3466 zu
514 3416 543 3465 ll.
551 3417 592 3468 69.
646 3415 707 3464 ren'.
720 3414 882 3466 DasVerbum
891 3414 1157 3464 lorumtuurlriervor.

120 3484 142 3532 6.
178 3484 332 3545 stationem,
356 3482 473 3546 vigilius.
511 3482 537 3532 S.
563 3498 595 3532 zu
681 3482 939 3532 summouendum
967 3480 1033 3530 wird
1051 3495 1082 3529 zu
1102 3479 1159 3541 luae-

85 3545 105 3598 Ι.
126 3550 167 3600 28.
649 3548 707 3598 ἀεηι
725 3549 775 3598 und
793 3549 922 3599 solacium
941 3547 980 3596 ein
999 3546 1160 3608 allgeuieiuc-

120 3617 143 3668 8.
180 3617 344 3679 quaestuosi,
379 3615 447 3664 nicht
478 3615 597 3676 ‘gewina-
647 3631 691 3666 res
708 3616 820 3668 Verbum
838 3616 957 3678 geduclrt:
982 3613 1089 3664 ‘bieten'.

86 3683 198 3744 sticlrtig',
220 3682 328 3733 sondern
350 3679 593 3740 ‘reicbunGewinn‘‚
683 3686 724 3736 21.
745 3684 955 3745 desaredautque.
985 3682 1054 3730 Auclr
1073 3681 1160 3731 bie'rzu

85 3751 136 3801 wie
153 3748 212 3801 Xll.
234 3750 274 3801 63.
315 3749 352 3801 Zu
376 3751 447 3801 iltreu
464 3749 598 3801 Erwcrbs-
648 3751 683 3802 ist
700 3751 828 3801 duritiam
848 3749 944 3812 Ohject.
1203 3793 1207 3799 .

84 3827 158 3868 arten
187 3817 292 3880 gelrdrte
321 3820 383 3869 auch
416 3819 463 3869 der
489 3817 594 3869 Haudel.
647 3884 658 3935 Ι
683 3813 735 3874 36.
756 3821 797 3870 27.
818 3833 864 3866 uer
882 3815 1048 3899 udolesqeret.
1086 3817 1112 3867 S.
1128 3832 1160 3866 zu
