2550 4350
114 296 177 358 142
371 364 374 369 ¹
503 297 664 352 conuenit
679 296 794 353 racrrr
896 281 958 323 ·'
1056 299 1188 363 (man

104 477 175 522 -non
196 457 258 519 nisi
281 466 363 518 metu
385 454 568 517 coercueris.
590 456 628 516 tt
642 454 765 534 quidam
779 453 917 514 insontes
932 451 1088 530 peribunt
1110 451 1186 514 llam

115 552 147 605 et
167 560 203 603 ex
225 543 294 602 fuso
316 541 449 603 exercitu
471 557 539 600 cnm
561 539 698 601 decimus
720 539 849 620 quisque
863 537 935 598 iusti
951 536 1071 609 leritur,
1095 538 1187 599 etlam

114 626 230 689 strenui
260 625 436 687 sortiuntur.
472 623 571 686 llabet
598 623 713 702 aliquid
742 642 778 684 ex
801 622 906 701 iniquo
929 639 1021 683 omne
1042 639 1189 700 magnum

26 778 34 799 ι
113 710 291 789 exemplum,
325 709 406 788 quod
439 721 544 770 contra
576 708 713 786 singulos
741 708 872 769 utilitate
898 705 1020 786 publica
1041 707 1187 787 rependi-

61 798 174 860 45tur.
211 794 386 855 Sententiae
408 793 507 854 Cassii
535 800 570 854 nt
590 811 678 853 nemo
706 802 788 853 unus
814 802 918 853 contra
939 791 985 852 ire
1006 806 1105 853 ausus
1128 800 1206 865 ests

114 880 156 941 ita
182 878 326 939 dissonae
351 896 443 938 voces
471 875 697 956 respondebant
723 894 880 938 numerum
909 885 962 937 aut
981 884 1116 937 aetatem
1137 884 1188 937 aut

58 976 63 981 ’
113 980 218 1025 sexum
252 980 288 1022 ac
317 961 516 1040 plurimorum
550 960 702 1021 indubiam
731 959 936 1021 innocentiam
964 960 1203 1022 miserantium.-

112 1047 284 1109 l'raevaluit
300 1055 398 1106 tamen
414 1064 486 1125 pars
499 1063 575 1124 quae
590 1045 773 1124 supplicium
784 1043 979 1107 decernebat.
991 1045 1054 1106 Sed
1069 1045 1187 1107 obtem·

114 1131 215 1211 perari
238 1148 299 1191 non
322 1138 450 1208 poterat,
482 1129 660 1206 conglobata
683 1129 874 1190 multitudine
897 1136 928 1189 et
948 1147 1020 1189 saxa
1041 1148 1082 1190 ac
1105 1131 1186 1191 iaces

115 1216 260 1277 minante.
282 1215 358 1275 Tum
382 1214 493 1275 Caesar
518 1213 664 1292 populum
685 1213 786 1274 edicto
807 1212 960 1292 increpuit
979 1223 1075 1292 atque
1098 1221 1220 1276 ornnett

115 1299 184 1371 iter,
213 1315 272 1377 quo
302 1299 433 1360 damnati
457 1298 495 1358 ad
515 1314 646 1375 poenam
669 1296 863 1368 ducebantur,
893 1296 1078 1359 militaribus
1101 1316 1187 1378 prae·

116 1383 205 1444 aldiis
228 1382 353 1461 saepsit.
391 1383 556 1444 censuerat
578 1381 743 1458 Cingonius
765 1381 858 1440 Varro
877 1388 911 1441 ut
930 1380 1032 1441 liberti
1052 1400 1187 1461 quoque,

116 1467 168 1547 qui
190 1466 246 1528 sub
269 1468 376 1527 eodem
390 1473 471 1527 tecto
488 1465 626 1537 luissent,
649 1465 734 1526 ltalia
750 1464 992 1544 deportarentur.
1015 1464 1050 1526 ld
1067 1484 1086 1527 a
1101 1462 1186 1547 prin-

116 1551 185 1629 cipe
215 1551 402 1630 prohibitum
434 1558 491 1622 est,
522 1568 561 1610 ne
590 1567 657 1611 mos
678 1548 830 1627 antiquus,
864 1567 953 1628 quem
973 1549 1187 1612 misericordia

111 1652 179 1696 -non
200 1635 359 1707 minuerat,
382 1653 437 1714 per
459 1634 615 1695 saevitiam
636 1635 852 1695 intenderetur·
1195 1642 1218 1693 rt

65 1722 107 1784 to
200 1720 364 1780 Damnatus
396 1718 493 1781 isdem
526 1719 702 1781 oonsulibus
733 1716 907 1797 Tarquitius
938 1715 1064 1778 Priscus
1098 1736 1185 1798 repe·

117 1804 278 1865 turdarum
299 1804 437 1882 Bithynis
469 1803 735 1880 interrogantibus,
768 1819 877 1880 magno
909 1808 1031 1880 patrum
1062 1802 1184 1878 gaudio,

117 1888 168 1968 qui
190 1898 363 1950 accusatum
384 1888 423 1949 ab
446 1906 482 1948 eo
505 1888 656 1949 Statilium
674 1888 815 1957 Taurum,
839 1885 1053 1965 proconsulem
1076 1887 1185 1967 ipsius,

117 1974 326 2051 meminerant.
349 1973 464 2034 Census
485 1988 540 2049 per
562 1972 674 2032 Gallias
696 1991 713 2032 a
736 1971 774 2044 Q.
789 1970 912 2031 Volusio
935 1979 966 2030 et
986 1969 1093 2032 Sentio
1108 1971 1186 2033 atri·

117 2076 193 2119 cano
216 2056 428 2134 Trebellioque
449 2055 578 2117 blaximo
607 2055 666 2116 acti
694 2065 773 2123 sunt,
803 2054 929 2116 aemulis
955 2053 1038 2116 iuter
1065 2073 1108 2117 se.
1130 2064 1219 2135 persi

116 2142 305 2203 nobilitatem
327 2138 450 2200 Volusio
473 2146 563 2217 atque
577 2139 734 2202 Airicano:
757 2139 940 2213 Trebellium
963 2138 1035 2199 dum
1059 2150 1186 2221 uterque

118 2225 304 2303 dedignatur,
327 2240 418 2301 supra
440 2223 547 2285 tulere.

65 2313 106 2374 47
202 2310 245 2368 Eo
275 2323 353 2366 anno
382 2316 508 2367 mortem
539 2305 615 2366 obiit
641 2307 797 2367 Memmius
824 2306 971 2386 Regulus,
1005 2309 1186 2391 auctoritate

118 2391 284 2453 constantia
307 2390 394 2462 lama,
417 2390 614 2469 inquantum
638 2390 868 2469 praeumbrante
890 2392 1085 2472 imperatoris
1102 2393 1185 2457 lasti·

118 2476 167 2554 gio
191 2475 287 2545 datur,
310 2471 419 2544 clarus,
443 2474 518 2535 adeo
541 2483 574 2536 ut
590 2474 669 2536 Nero
692 2493 782 2553 aeger
803 2476 983 2550 valetudiue,
1004 2486 1038 2547 ¹et
1059 2477 1219 2541 adulas-25

115 2560 196 2621 tibus
219 2556 332 2618 circum
356 2559 406 2637 qui
429 2560 519 2620 linem
541 2559 670 2639 imperio
693 2560 801 2623 adesse
824 2561 967 2623 dicebant
987 2560 1014 2621 si
1033 2561 1108 2640 qnid
1124 2563 1185 2625 lato
1252 2622 1255 2633 ,

116 2650 280 2722 pateretur,
307 2644 502 2724 responderit
528 2645 639 2707 babere
667 2645 834 2707 subsidium
857 2664 920 2707 rem
943 2643 1108 2724 publicam,
1136 2666 1185 2708 ro·
1251 2644 1255 2725 ξ

149 2778 173 2827 1.
193 2775 265 2827 Nam
282 2783 314 2828 et
333 2776 394 2828 llies
412 2784 440 2829 et
454 2778 556 2830 beziebt
573 2778 625 2829 sicb
676 2779 742 2842 Quas
758 2794 800 2828 me
816 2793 942 2843 umquam
958 2778 1018 2829 atila
1035 2779 1189 2844 legebam

115 2844 163 2894 aul
188 2845 236 2895 deu
261 2845 413 2895 Gedanlren:
452 2847 528 2896 ‘nicht
556 2846 625 2897 bloss
675 2850 801 2911 rogavit?
819 2845 878 2897 Sall.
891 2847 947 2896 Cat.
961 2849 991 2898 ta
1010 2846 1117 2911 ὼςίὑιιι
1132 2860 1188 2897 out·

113 2928 163 2963 von
181 2913 229 2962 den
247 2912 354 2963 Sclaven
373 2913 443 2962 eines
464 2913 626 2976 gemordeten
676 2916 746 2964 ditm
762 2916 933 2978 interrogati.
951 2915 982 2966 31
999 2913 1062 2979 tago
1078 2914 1188 2965 matio

114 2978 212 3036 llerrn'3
233 2980 278 3029 das
298 2980 414 3042 iolgcude
427 2981 567 3030 ctiamaul
577 2981 625 3031 deu
675 2985 858 3046 interrogatus
886 2986 945 3031 crat
975 2982 1009 3032 ab
1036 2980 1067 3031 Ιι.
1093 2981 1188 3033 Pontio.

115 3045 253 3096 Gadanlen
275 3047 351 3096 ‘nicht
367 3045 436 3096 bloss
454 3047 546 3109 Feige'.
676 3048 733 3101 btv.
753 3048 833 3100 XLV.
842 3050 909 3107 37,3
927 3048 985 3099 Ser.
1005 3047 1099 3112 Galba,
1116 3052 1143 3099 si
1157 3052 1189 3099 a'rt

148 3114 174 3164 2.
205 3112 321 3162 decimos
347 3115 457 3178 quisque
482 3113 551 3175 pua
573 3115 624 3177 ser.
675 3115 960 3168 L.Paulocecucando
973 3119 1189 3183 mampu-

115 3178 142 3229 S.
161 3194 194 3228 zu
211 3177 253 3227 lll.
275 3180 316 3231 21.
676 3200 740 3236 nara
765 3182 863 3246 uoluit,
887 3189 996 3248 postero
1023 3183 1080 3248 dio,
1107 3198 1190 3249 quam

146 3247 173 3297 4.
193 3251 288 3297 contra
305 3248 426 3312 singulos
451 3249 508 3299 ‘den
531 3251 625 3303 einzcl·
676 3251 934 3316 imperiumst,
955 3266 1053 3302 nomon
1069 3249 1191 3313 deserni

111 3326 162 3373 ‚neu
179 3313 338 3375 gegeniaber’,
359 3331 414 3366 zum
427 3316 625 3383 Gogengcwiobt
675 3317 820 3382 atlagides
838 3320 1026 3383 interrogaret.

113 3394 193 3445 gagen
212 3380 260 3431 den
278 3381 393 3433 Sclradea
411 3385 547 3438 einzelner.
711 3387 749 3436 18.
776 3384 915 3436 Statilium
943 3384 1072 3437 Taurum.
1108 3384 1135 3436 S.
1155 3402 1192 3436 zu

146 3446 200 3506 45.
222 3451 261 3500 12.
284 3449 431 3517 Cingonius
448 3454 545 3505 Varro.
563 3451 622 3515 Vgl.
673 3450 732 3502 llll.
753 3455 794 3506 59.

114 3514 144 3567 ll.
164 3516 184 3567 l.
204 3520 229 3569 d.
250 3519 291 3570 37.
709 3522 750 3573 19.
772 3519 869 3571 Comae
883 3536 935 3587 par
953 3518 1063 3570 Galliac.
1082 3519 1111 3571 S.
1125 3520 1191 3572 aul.

145 3580 199 3641 40.
221 3588 261 3636 l'l.
282 3590 452 3653 interrogare
468 3589 503 3637 ist
514 3586 623 3635 dlter==
674 3590 716 3640 31.
736 3588 821 3639 Ueber
837 3589 866 3652 Q.
876 3587 1002 3638 Volusius
1020 3602 1052 3637 zu
1062 3586 1188 3647 xillae,

112 3666 188 3702 raum
210 3652 307 3720 faeere,
335 3656 394 3706 weil
422 3655 468 3703 dor
493 3652 623 3715 Anlliger
674 3655 1007 3717 iiberSeaotiusAsrioanur
1020 3670 1053 3705 an
1061 3654 1134 3706 Xlll.
1146 3659 1190 3716 19.

112 3718 308 3784 baillinleitung
325 3720 515 3771 desProcesses
533 3734 564 3768 an
576 3721 623 3770 der
673 3722 743 3775 iiber.
757 3721 902 3771 Trebellius
913 3721 1049 3774 Maesmm
1068 3722 1101 3775 ll.
1114 3723 1191 3778 too.

113 3785 303 3840 Geriobtsstclla
330 3788 438 3848 gewisse
465 3786 564 3849 Tragen
590 3803 623 3838 an
673 3787 705 3839 11.
720 3791 762 3840 65.
783 3790 813 3838 Α.
829 3791 870 3841 16.
1094 3842 1098 3849 ,

113 3854 153 3905 dio
166 3854 335 3919 Gegenpartci
348 3855 461 3904 ricbtete.
483 3852 619 3916 Vglxlll.
706 3850 756 3912 47.
777 3858 817 3907 23.
846 3855 986 3908 Memmius
1001 3852 1131 3923 llogulata.
1160 3860 1191 3915 S.

113 3923 153 3972 14.
171 3920 243 3973 XVl.
266 3923 308 3972 21.
329 3921 380 3971 Cic.
400 3938 425 3987 p.
446 3921 511 3971 dom.
532 3924 572 3981 29,
587 3926 619 3974 ’Π
672 3938 705 3974 zu
721 3921 754 3974 V.
777 3926 816 3975 ll.
