2550 4350
95 279 221 340 aaron
316 276 358 326 oe
377 274 530 327 excussu
548 273 777 327 orvrnueusrr
795 268 965 330 nucea
1066 236 1160 332 {159
1224 249 1227 258 ’

94 431 269 501 distantem,
290 429 352 488 adit
373 445 473 504 regem
498 437 527 490 et
548 429 687 491 mandata
709 429 852 491 lerociter
871 430 977 492 'edidit
1021 432 1161 510 Vologesi

96 523 181 573 vetus
212 521 241 572 et
270 513 390 590 penitus
421 514 540 574 infixum
571 525 634 576 erat
657 533 742 575 *arma
774 516 908 575 Romana
940 517 1070 590 vitandi3
1108 537 1163 581 nec

96 597 267 677 praesentia
291 615 436 675 prospere
458 598 601 659 fluebant.
630 599 751 660 irritum
775 598 944 673 obsidium3
968 609 1049 662 tutus
1071 620 1162 663 manu
1223 636 1226 641 <

96 692 127 741 et
156 682 253 761 copiis
277 682 441 757 Tigranes3
474 684 566 760 lugati
595 683 646 762 qui
676 685 924 762 expugnationem
954 695 1161 764 sumpserant;
1188 697 1191 701 ·

70 766 207 827 emissae
236 767 267 826 in
293 767 465 826 Armeniam
494 766 638 842 legiones,
668 776 698 827 et
726 767 802 828 aliae
832 787 887 846 pro
919 768 1007 829 Suria
1039 781 1162 848 paratae

94 851 172 911 ultro
197 852 380 928 irrumpere3
404 850 462 911 sibi
486 851 659 913 inbecillum
683 852 813 930 equitem
828 853 931 930 pabuli
949 853 1068 931 iuopia:
1093 874 1162 916 narn

94 945 196 995 exorta
221 935 264 995 vis
287 935 470 995 locustarum
494 935 666 998 ambederat
681 936 825 1015 quidquid
842 937 999 998 herbidum
1015 947 1064 998 aut
1080 940 1163 1000 lron'-

95 1020 213 1080 desum.
258 1018 351 1096 Igitur
379 1028 460 1079 metu
483 1019 623 1082 abstruso
645 1021 764 1081 mitiora
788 1022 966 1094 obtendens,
999 1023 1162 1085 missurum

94 1104 131 1162 ad
155 1103 374 1185 imperatorem
386 1104 551 1164 Romanum
575 1104 688 1181 legatos
711 1124 803 1184 super
824 1108 953 1184 petenda
969 1107 1109 1168 Armenia
1122 1117 1163 1170 'et

56 1199 85 1248 10
96 1189 240 1247 firmanda
264 1206 337 1265 pace
360 1188 534 1266 respondet.
557 1189 700 1251 Monesen
724 1190 862 1250 omittere
878 1191 1091 1266 Tigranocerta
1115 1193 1160 1254 iu-

92 1273 161 1344 bet;
185 1273 251 1349 ipse
274 1281 355 1332 retro
379 1272 526 1331 concedit.
1225 1271 1228 1274 ’

143 1398 146 1408 .
179 1357 260 1419 Haec
282 1356 385 1434 plures
408 1365 440 1415 ut
462 1355 623 1418 formidine
645 1357 726 1434 regis
749 1365 778 1418 et
793 1357 974 1419 Corbulonis
997 1358 1088 1421 minis
1108 1363 1193 1441 pa·6

94 1449 170 1502 trata
195 1458 229 1501 ao
251 1440 409 1518 magnifica
433 1440 626 1501 extollebant.
649 1441 727 1502 dlii
751 1442 867 1503 occulte
890 1444 1045 1522 pepigisse
1067 1443 1161 1506 inter·

95 1524 299 1604 prolabantur,
329 1534 360 1584 ut
389 1525 502 1584 omisso
536 1525 686 1603 utrimque
714 1526 792 1586 bello
815 1537 844 1587 et
866 1527 993 1589 abeunte
1017 1529 1162 1607 Vologese
1222 1583 1225 1587 ,

57 1611 241 1686 tb'l'igranes
273 1627 392 1687 quoque
414 1609 552 1670 Armenia
584 1608 769 1669 abscederet.
815 1610 874 1670 Cur
896 1612 975 1671 enim
999 1613 1161 1674 exercitum

71 1695 261 1755 'Romanum
284 1713 300 1753 a
325 1693 548 1770 Tigranocertis
571 1689 752 1752 deductum?
776 1693 835 1753 Cur
857 1694 974 1754 deserta
997 1713 1052 1773 per
1066 1696 1161 1757 otium

84 1797 174 1857 quae
195 1778 274 1841 bello
298 1775 517 1839 delenderant?
549 1780 593 1836 An
617 1776 724 1837 melius
746 1776 954 1837 hibernavisse
977 1777 1007 1837 in
1031 1789 1162 1855 extrema

96 1862 297 1941 Cappadocia,
320 1863 427 1941 raptim
447 1861 556 1935 erectis
572 1861 709 1938 tuguriis,
733 1879 821 1939 quam
837 1860 868 1921 in
884 1863 955 1921 sede
971 1863 1056 1938 regni
1071 1863 1161 1924 modo

95 1944 229 2008 retenti?
265 1947 362 2008 Dilata
391 1965 516 2026 prorsus
539 1964 630 2017 arma,
660 1954 692 2006 ut
712 1946 876 2023 Vologeses
899 1964 967 2006 cum
990 1945 1048 2006 alio
1073 1966 1162 2026 quarn

56 2042 165 2093 tecum
183 2031 353 2093 Corbulone
376 2041 514 2102 certaret,
538 2030 668 2091 Corbulo
690 2030 816 2091 meritae
839 2038 883 2092 tot
903 2048 959 2110 per
980 2049 1075 2091 annos
1098 2032 1163 2110 glo·
1245 2042 1248 2045 “

97 2117 160 2177 riae
183 2134 242 2176 non
265 2116 342 2176 ultra
365 2116 531 2194 periculum
554 2117 674 2177 laceret.
719 2114 803 2188 Nam,
832 2124 866 2175 ut
887 2114 984 2187 retuli,
1006 2116 1164 2194 proprium

98 2201 203 2269 ducem
227 2201 355 2261 tuendae
366 2201 525 2262 Armeniae
543 2211 735 2279 poposcerat,
759 2208 789 2261 et
804 2200 963 2261 adventare
979 2199 1164 2280 Caesennius

98 2286 208 2346 Paetus
233 2285 418 2346 audiebatur.
442 2287 563 2364 lamque
586 2285 698 2357 aderat,
720 2285 818 2365 copiis
835 2285 874 2346 ita
891 2285 996 2346 divisis
1011 2294 1043 2346 ut
1059 2294 1162 2366 quarta
1208 2281 1210 2285 ’

99 2381 129 2432 et
152 2370 327 2430 duodecima
357 2370 492 2446 legiones
516 2370 616 2432 addita
640 2372 753 2450 quinta,
783 2389 859 2450 quae
880 2388 987 2431 recens
1011 2389 1029 2431 e
1049 2371 1162 2434 Moesis
1249 2395 1254 2403 ’

57 2453 197 2514 reexcita
219 2464 290 2527 erat,
314 2454 404 2513 simul
425 2454 550 2514 Pontica
572 2463 602 2515 et
624 2454 793 2517 Galatarum
816 2456 1088 2534 Cappadocumque
1112 2472 1173 2519 au-1

97 2535 168 2597 xilla
196 2536 287 2596 Paeto
318 2535 505 2607 oboedirent,
535 2538 621 2597 tertia
651 2548 681 2599 et
710 2549 791 2599 sexta
823 2549 853 2599 et
881 2540 1005 2600 decuma
1027 2540 1163 2615 legiones

98 2619 243 2700 priorque
266 2619 370 2698 Syriae
391 2619 479 2680 miles
502 2620 581 2697 apud
598 2619 796 2682 Corbulonem
819 2632 1000 2694 manerent3-
1013 2629 1113 2681 cetera
1129 2640 1165 2682 ex

96 2720 197 2766 rerum
220 2721 278 2763 usu
301 2702 452 2771 sociarent
467 2702 693 2782 partirenturve.
718 2704 777 2764 Sed
793 2722 891 2782 neque
908 2703 1037 2764 Corbulo
1054 2705 1161 2765 aemuli

99 2788 236 2870 patiens3
266 2796 296 2848 et
317 2788 437 2860 Paetus,
467 2787 514 2848 cui
542 2786 616 2847 satis
644 2788 681 2848 ad
708 2787 833 2865 gloriam
864 2795 929 2847 erat
956 2788 984 2847 si
1009 2788 1164 2866 proximus

131 2958 156 3008 2.
177 2954 506 3006 omullomauauitandi.
526 2953 609 3005 Ueber
660 2955 706 3004 deu
726 2952 859 3015 folgenden
878 2952 965 3002 Redeo
983 2953 1100 3003 erlabren
1118 2954 1167 3004 wir

98 3027 146 3075 den
161 3023 267 3074 Genitiv
285 3041 316 3074 zu
335 3022 404 3073 Xlll.
421 3025 461 3076 26.
658 3020 770 3084 zugleleb
789 3037 844 3071 was
855 3020 963 3071 Corbulo
982 3023 1043 3071 nacla
1055 3023 1109 3072 dem
1118 3023 1167 3073 Ab·

132 3096 156 3145 4.
178 3096 262 3159 copiis
283 3091 434 3142 ‘Vorrdtbe'.
658 3105 707 3153 aug
725 3089 769 3140 des
787 3088 926 3151 Vologeses
944 3089 1064 3159 wirlrlicb
1077 3092 1139 3140 tbat.

132 3163 156 3211 5.
184 3176 236 3225 pro
262 3159 344 3210 Suria
375 3168 414 3210 ‘an
439 3160 486 3210 der
509 3158 607 3209 Grenze
694 3158 733 3209 22.
757 3156 915 3208 Caesennius
930 3156 1032 3222 Paetus,
1052 3157 1119 3209 nicbt
1136 3175 1168 3209 zu

100 3227 211 3292 Syricns'
236 3229 297 3276 nach
324 3228 379 3278 dem
403 3244 434 3278 zu
459 3227 489 3278 ll.
510 3229 541 3280 81
560 3228 609 3278 Be·
660 3225 832 3276 verwecbseln
850 3225 896 3276 mit
913 3226 968 3275 dem
985 3225 1056 3277 XIV.
1077 3229 1110 3279 29
1128 3243 1168 3277 er-

98 3293 221 3344 merkteo.
659 3294 778 3345 wdhnten
793 3292 886 3343 Consul
906 3292 1048 3344 Caesonius
1065 3295 1167 3344 Paetus.

134 3362 158 3411 6.
169 3362 222 3409 etti
227 3361 380 3410 inbecillum
387 3363 531 3424 equitemu.
541 3378 605 3412 s.w.
660 3362 697 3412 Er
714 3376 771 3410 wer
785 3360 878 3410 Consul
896 3361 1014 3411 suffectus
1033 3376 1165 3423 gewcsco;

100 3427 153 3478 Der
170 3425 320 3488 llebergang
338 3427 362 3475 in
381 3428 422 3476 die
441 3427 529 3477 Oratio
547 3429 610 3479 obli·
660 3427 787 3478 wessbalb
813 3443 842 3478 er
855 3430 923 3492 jetzt
940 3428 978 3478 als
997 3429 1100 3491 legatus
1115 3442 1170 3492 pro

101 3506 153 3560 qua
168 3492 202 3542 ist
219 3492 303 3551 leicht,
330 3493 363 3542 da
385 3508 442 3541 man
469 3495 544 3544 sebon
564 3497 609 3546 das
660 3500 785 3559 praetore
809 3495 849 3545 die
873 3498 994 3560 insignio
1015 3495 1169 3543 consularia
1216 3512 1219 3516 ·

101 3560 329 3622 Verbergebende,
362 3575 436 3609 wenn
464 3562 525 3610 euch
555 3561 613 3613 dort
663 3562 732 3611 lirhrt
749 3566 781 3623 (e.
802 3565 837 3625 t).
858 3563 937 3613 Unter
954 3560 1095 3626 Vespasian
1112 3576 1169 3610 ver-

103 3631 150 3680 der
163 3627 348 3678 Sebriltsteller
365 3627 434 3677 seine
447 3627 612 3691 Sebilderung
662 3627 765 3689 weltete
783 3645 813 3681 er
831 3630 931 3696 Syrien.
960 3626 1104 3677 bioLth.
1125 3630 1166 3679 20.

103 3698 150 3747 der
172 3694 243 3758 Lago
268 3695 336 3758 gibt,
365 3695 477 3758 zugleicb
502 3695 539 3746 als
563 3696 612 3747 Ge·
662 3695 763 3763 Josepb.
783 3698 807 3747 b.
828 3697 885 3746 lud.
906 3694 962 3748 Vll.
984 3697 1007 3745 V.

103 3764 202 3815 danlen
221 3762 266 3813 des
284 3761 423 3825 Vologeses
442 3764 513 3815 lasst.
551 3764 608 3828 Vgl.
698 3767 739 3816 27.
759 3768 888 3831 pauorque
906 3761 1003 3828 symae
1019 3761 1102 3825 milae,
1127 3762 1169 3811 die

102 3850 134 3884 zu
151 3830 171 3881 l.
192 3832 234 3882 36.
663 3831 855 3899 lldllstruppen,
889 3830 930 3890 die
957 3829 1046 3879 lrdber
1071 3830 1096 3879 in
1124 3830 1171 3880 der

135 3895 165 3954 b.
187 3901 228 3950 15.
251 3896 476 3951 Censuimus.
496 3916 530 3951 w.
557 3903 610 3951 Aua
662 3897 770 3949 Provinz
788 3899 892 3961 gelegen
910 3898 1005 3947 batten.
