2550 4350
85 216 214 280 peon)
319 213 360 264 ln
378 211 531 265 nxcnsso
548 211 619 267 nrvr
637 211 781 266 nucnsrr
799 214 832 267 n.
852 219 947 272 anae.
1096 217 1156 281 103

83 372 194 434 docere
215 385 351 439 uxorem,
372 367 525 447 suscipere
546 367 670 442 liberos,
693 386 732 430 ne
752 369 918 431 clarissima
933 371 1041 434 tamilla
1057 379 1155 443 extio.

82 461 236 536 gueretur.
272 451 366 530 Igitur
385 460 525 531 quattuor
546 453 704 527 filiisante
726 453 816 514 limen
838 455 936 515 coriae
957 456 1154 540 adstantibus,

84 542 153 602 loco
185 536 369 608 sententiae,
407 555 473 598 cunr
501 537 532 597 in
560 537 672 598 Palatio
700 546 823 599 senatus
853 538 1027 614 haberetur,
1063 548 1155 608 modo

86 622 239 684 Hortensii
261 620 500 696 interemtores
522 620 613 682 sitam
642 621 816 700 imaginem,
849 624 940 684 modo
961 624 1085 702 Augusti
1106 629 1155 691 in-

62 717 183 771 atuens
202 707 238 767 od
260 707 340 766 hunc
361 705 482 765 modum
506 706 614 784 coepit.
651 705 756 766 Patres
779 706 957 786 conscripti,
980 709 1052 780 hos,
1076 731 1155 790 quo·

84 811 153 855 rum
174 809 331 852 numerum
354 798 384 850 et
404 789 561 868 pueritiam
583 789 708 862 ridetis,
736 807 797 851 nen
820 800 928 869 sponte
949 794 1073 867 sustuli,
1103 798 1158 860 sed

84 877 153 957 qnia
185 875 325 955 princeps
355 874 511 948 monebat,
548 873 637 937 simul
670 874 799 936 maiores
833 874 892 936 mci
923 889 1093 940 meruerant
1124 890 1157 945 ut

81 971 225 1041 posteros
248 958 400 1020 haberent.
433 958 507 1018 Nam
529 976 595 1037 ego,
617 959 668 1036 qui
691 977 752 1021 non
774 961 947 1038 pecuniam,
970 979 1032 1023 non
1056 966 1156 1027 studia

81 1045 188 1125 populi
210 1062 307 1122 neque
328 1041 536 1121 eloquentiam,
560 1043 669 1120 gentile
690 1044 797 1105 domus
819 1053 941 1106 nostrae
956 1045 1078 1120 honum,
1101 1068 1155 1110 ro·

46 1131 192 1193 totietate
215 1137 382 1206 temporum
405 1126 539 1204 accipere
560 1128 604 1187 vel
625 1146 731 1207 parare
753 1129 936 1207 potuissem,
964 1131 1038 1192 satis
1059 1132 1154 1195 lrabe-
1184 1183 1189 1192 ,

79 1214 151 1276 bom
174 1213 201 1274 si
223 1221 329 1274 tenues
351 1230 400 1271 res
424 1230 507 1272 meae
525 1231 585 1274 nec
606 1212 677 1273 mihi
701 1212 807 1291 pudori
834 1232 891 1275 nec
912 1214 1047 1293 cuiquam
1070 1215 1155 1278 oneri

81 1300 193 1361 forent.
228 1297 343 1357 -lussus
372 1296 410 1356 ab
438 1295 619 1375 imperatore
647 1316 770 1358 uxorem
799 1298 879 1359 duri.
932 1299 977 1358 En
1005 1300 1096 1379 stirps
1125 1310 1157 1364 et

80 1381 242 1465 progenies
264 1379 497 1452 tot‘consulum
521 1390 564 1442 tot
586 1380 771 1443 dictatorum.
806 1382 867 1442 Noc
880 1382 917 1443 ad
933 1382 1072 1444 invidiam
1086 1385 1153 1460 ista,

82 1468 137 1530 sed
161 1465 361 1528 conciliandae
390 1464 611 1525 misericordiae
641 1467 750 1527 resero.
792 1467 1001 1544 adsequentur
1028 1469 1154 1531 florente

46 1561 129 1625 tete,
154 1552 279 1620 Cacsar,
302 1567 377 1627 quos
401 1548 520 1609 dederis
542 1549 692 1611 honores:
714 1550 832 1610 interim
849 1551 886 1623 Q.
902 1552 1056 1616 Hortensii
1077 1571 1152 1632 pro-

84 1644 221 1714 nepotes,
245 1635 302 1695 divi
325 1633 449 1710 Arrgueti
473 1633 610 1695 alumnos
639 1633 675 1694 ab
698 1635 798 1712 inopia
821 1635 956 1697 dolende.
1000 1636 1208 1704 inclinatiore

85 1729 208 1784 senatus
231 1719 454 1780 incitamentum
477 1716 598 1778 Tiberio
629 1719 766 1796 luitque
788 1720 957 1797 promptius
979 1721 1154 1784 adversare-

84 1815 148 1877 tur,
179 1805 225 1864 his
247 1804 341 1864 terme
363 1801 462 1861 verbis
490 1820 574 1862 usus.
623 1801 656 1862 Si
678 1810 819 1882 quantum
847 1821 1010 1882 pauperum
1033 1815 1080 1867 est
1101 1826 1153 1869 ve-

84 1890 150 1951 nire
178 1889 236 1949 truc
264 1897 293 1949 et
320 1886 423 1947 liberis
452 1885 517 1947 suis
543 1894 645 1963 petere
673 1886 815 1964 pecunias
844 1889 1013 1966 coeperint,
1046 1891 1154 1968 singuli

45 1986 245 2051 tonumqnam
269 1966 502 2043 exsatiabuntur,
530 1988 580 2031 rea
601 1969 717 2048 publica
740 1969 865 2030 deficiet.
910 1972 971 2032 Nec
992 1991 1065 2035 sane
1086 1977 1154 2037 ideo

83 2079 100 2120 a
129 2056 292 2120 maioribus
323 2073 498 2116 concessum
526 2063 573 2115 est
600 2054 698 2132 egredi
734 2054 891 2132 aliquando
920 2055 1094 2121 relationem
1124 2068 1154 2122 et

81 2143 162 2222 quod
198 2142 228 2203 in
260 2159 418 2203 commune
454 2139 598 2200 conducat
629 2139 696 2201 loco
731 2139 895 2200 sententiae
928 2142 1077 2219 prolerre,
1122 2154 1154 2206 ut

117 2362 140 2412 3.
161 2358 388 2411 locessntentioe.
425 2355 451 2406 S.
470 2357 590 2407 zuo.33.
645 2355 952 2409 11.tt.Plur.Brur.28.
982 2357 1031 2408 liin
1049 2361 1159 2412 enderer

80 2428 134 2478 Der
152 2427 231 2477 Senot
252 2423 348 2475 worde-
370 2424 395 2472 in
420 2424 466 2472 der
483 2422 594 2473 Loteini-
643 2423 725 2473 Eclel
750 2424 795 2474 des
812 2422 927 2475 Redners
946 2425 1094 2478 Hortensius
1119 2427 1158 2478 ols

81 2497 157 2546 sehon
176 2492 317 2543 Bibliothek
336 2492 381 2541 des
396 2490 533 2541 Polotinms
551 2505 594 2552 ge·
646 2491 699 2548 dar,
720 2507 768 2541 von
787 2492 842 2541 dem
860 2491 922 2541 Tae.
943 2492 1076 2552 herioltat,
1101 2509 1158 2545 wer

80 2562 174 2620 laslten,
195 2576 236 2610 wo
248 2560 302 2611 siclt
313 2559 360 2609 oul
369 2559 466 2608 runden
476 2557 593 2609 Sohilden
646 2557 692 2606 der
708 2573 756 2607 von
775 2557 832 2607 Vol.
852 2558 921 2608 lllax.
937 2559 980 2608 lll.
993 2564 1017 2617 5,
1033 2563 1050 2612 4
1067 2577 1158 2624 wegen

81 2632 122 2682 die
149 2628 236 2679 Bilder
261 2628 308 2678 der
331 2626 356 2676 in
379 2626 425 2677 der
452 2624 595 2676 Litterotnr
645 2624 729 2673 seiner
751 2625 999 2687 ¹Aussdrweilungeo
1027 2629 1158 2679 ertvilnte

80 2696 308 2760 oomezeiclrneten
325 2693 431 2744 llrinner
457 2692 591 2743 laelanden.
644 2691 801 2741 Hortensius
820 2688 923 2740 Cos-die.

81 2765 139 2828 vgt.
160 2780 183 2814 c.
198 2765 241 2816 83.
278 2762 349 2812 Suet.
363 2763 427 2823 Aug.
438 2763 490 2813 129:
521 2758 595 2809 Tom-
681 2760 719 2808 13.
730 2761 770 2806 tot
778 2757 926 2820 consulum,
935 2762 975 2806 tot
984 2756 1153 2808 dictatorum

79 2834 158 2900 ptum
174 2830 310 2896 Apollinis
326 2832 356 2879 in
374 2845 405 2881 ea
422 2833 501 2894 perte
515 2826 593 2877 Pala·
646 2823 794 2876 Hortensier
818 2823 898 2874 selbst
923 2823 1005 2873 finden
1031 2824 1083 2874 siclt
1109 2839 1158 2876 nur
1186 2865 1192 2876 ,

82 2904 156 2951 tinas
174 2899 268 2962 ιίιηιιια
284 2899 415 2949 onmtaost
436 2910 517 2963 quarn
538 2894 594 2956 sul·
645 2894 685 2945 ein
705 2890 797 2942 Consul
816 2894 848 2944 69
866 2891 958 2948 ccl..
981 2892 1026 2941 der
1044 2892 1153 2953 Rednen

80 2971 153 3018 mdes
170 2969 253 3016 toturn
270 2964 419 3014 detonari
444 2980 462 3014 a
480 2964 528 3014 deo
546 2964 594 3013 Ιια-
644 2962 685 3014 ein
704 2959 796 3010 Consul
821 2960 967 3022 designatus
995 2960 1037 3010 l'irr
1063 2963 1111 3015 108
1128 2977 1153 3012 v.

80 3037 201 3100 rurpices
221 3034 443 3099 pronuntiarunt
476 3030 594 3082 Addidit
645 3030 700 3087 cl..
722 3027 752 3078 L.
766 3028 923 3083 Hortensius.
944 3027 994 3077 und
1012 3027 1051 3076 ein
1070 3029 1157 3080 Dicto·

77 3105 202 3168 porticus
225 3115 285 3150 carm
310 3099 468 3149 bibliotheca
491 3098 593 3148 Latino
643 3106 685 3149 tor
695 3099 744 3149 286
757 3111 782 3146 v.
793 3094 848 3154 ct..
869 3095 900 3161 Q.
910 3095 1067 3146 Hortensius.
1088 3096 1159 3149 Alter

82 3169 253 3233 &aesopum
278 3182 331 3232 quo
355 3167 412 3216 loco
431 3169 486 3216 ium
502 3168 593 3216 senior
644 3181 672 3216 es
698 3164 764 3214 wird
793 3164 833 3214 die
863 3164 1010 3214 decendens
1039 3165 1085 3214 der
1112 3164 1157 3216 mit

78 3253 159 3303 saepe
176 3238 256 3286 stione
272 3239 394 3285 senatum
411 3234 510 3284 moute.
644 3231 808 3284 Hortensiern
835 3231 1038 3285 verheiratlreten
1057 3232 1157 3283 Franco

116 3307 156 3356 ld.
176 3305 304 3369 sempera,
318 3301 380 3350 weil
397 3301 451 3350 sein
469 3300 593 3352 Grossvo·
643 3298 796 3359 mttoezallt.
835 3298 861 3348 S.
882 3313 904 3347 c.
919 3300 960 3350 27.
981 3298 1023 3349 lll.
1038 3301 1080 3351 76.

80 3379 122 3423 ter
145 3371 207 3422 selrr
228 3371 297 3421 reich
321 3383 386 3419 wor.
424 3366 483 3419 Scin
502 3369 589 3426 vatter,
677 3359 726 3422 38.
745 3368 783 3416 tc.
792 3365 937 3416 Inclinatio
947 3371 1055 3416 senatos
1067 3381 1154 3416 u.s.w.

81 3437 207 3490 ebentolls
224 3437 255 3501 Q.
268 3437 442 3498 Hortensius,
466 3435 490 3484 in
509 3436 594 3485 seiner
644 3431 789 3495 Bdswilligc
813 3433 864 3482 und
888 3432 1060 3490 hoclmdthieo
1077 3430 1159 3482 Natu·

79 3506 180 3570 logend
197 3504 327 3555 liederlict
344 3502 408 3567 (Cic.
429 3502 461 3552 od
480 3503 531 3553 Act.
547 3501 591 3554 Vl.
644 3517 689 3552 ren
707 3502 803 3566 pllegcn
822 3499 1026 3560 dasGegentlreil
1038 3513 1085 3547 von
1100 3498 1157 3548 deno

80 3576 105 3633 3,
119 3577 145 3628 9.
165 3572 201 3623 Χ.
213 3575 237 3631 l.
253 3575 293 3631 6),
319 3578 406 3622 nuerst
430 3569 591 3626 Cisorioner,
645 3585 676 3619 zo
694 3570 755 3617 thun
773 3583 828 3618 was
846 3565 1084 3628 pewdnsclrtwird,
1116 3579 1158 3614 rrnr

36 3672 41 3679 ·
82 3642 179 3693 colloss
197 3640 249 3690 sich
268 3641 334 3690 donn
351 3640 407 3689 dem
422 3637 526 3688 Cassius
544 3636 593 3687 ond
645 3635 747 3686 Andern
766 3635 821 3685 eine
839 3634 939 3685 Frende
965 3648 997 3681 zu
1015 3630 1158 3681 verderlrcn

82 3709 177 3761 Brutus
201 3707 256 3766 on,¹
286 3707 372 3759 verior
400 3706 512 3756 dadnrclr
540 3702 594 3754 seio
646 3704 695 3753 und
714 3703 769 3753 ihre
785 3700 1023 3760 Entscliliessungen
1052 3695 1089 3744 ola
1107 3712 1158 3747 von

81 3777 227 3838 Vermdgen
264 3776 315 3825 und
349 3774 421 3824 word
453 3774 515 3824 nacla
548 3772 596 3822 der
643 3770 729 3835 jedem
743 3770 852 3819 Hiuflus's
871 3764 1030 3827 nnobhdngig
1047 3763 1159 3814 emelini-

83 3843 253 3897 Sedlochtlrei
264 3841 370 3909 Philippi
384 3841 506 3904 getddtat.
526 3837 593 3891 Vell.
648 3853 695 3888 nen
714 3853 746 3888 ιιι
763 3836 856 3887 loeson.
