2550 4350
68 294 91 337 p.
104 281 142 324 cu.
155 278 195 339 ⁵⁵)
266 275 307 325 un
326 274 480 339 excussu
497 272 567 328 orvi
584 275 726 328 nucusrr
744 275 814 360 xnr.
832 231 871 333 rs.
889 238 982 359 16,1=t.
1099 277 1143 342 uu

70 432 225 508 proximus
258 429 384 509 quisque
411 429 587 492 Britannico
615 449 713 510 neque
747 433 792 493 las
820 451 918 512 neque
940 435 1029 496 fidem
1051 445 1148 517 pensi}

68 513 210 584 haberet,
231 514 309 573 'olim
336 515 490 592 provisum
512 524 585 576 erat.
644 515 776 577 Primum
809 536 956 578 venenum
991 519 1027 579 ab
1061 523 1145 601 ipsis:
1183 543 1184 546 ’

70 596 282 658 educatoribus
312 598 443 677 accepit,
476 599 666 678 tramisitque
694 596 830 660 exsoluta
851 601 916 663 alvo
939 621 1044 681 parum
1067 607 1145 668 vali..
1223 653 1227 656 -

68 680 154 752 dum,
188 680 250 740 sive
283 690 550 760 temperamentum
580 684 677 744 inerat
704 702 742 745 ua
770 684 870 745 statim
894 688 1031 749 saeviret.
1077 691 1141 754 Sed

43 764 147 824 5Nero
170 764 243 824 lenti
266 766 390 827 sceleris
414 766 564 849 inpatiens
585 768 716 834 minitari
739 768 869 840 tribuno,
893 770 997 831 iubere
1019 766 1138 852 suppli·

69 849 147 908 cium
170 850 336 921 veneficae,
361 850 440 928 quod
464 850 533 911 dum
556 869 708 917 rumorem
731 848 913 932 respiciunt,
937 855 1005 914 dum
1029 867 1140 935 parant

67 933 276 1005 detensiones,
313 934 502 995 securitatem
532 943 731 996 morarentur.
784 937 1034 1000 Promittentibus
1065 941 1136 1003 dein

67 1026 127 1077 tam
142 1017 348 1095 ,praecipitem
371 1036 475 1079 necem
500 1038 587 1098 quam
611 1019 637 1080 si
660 1022 740 1080 lerro
764 1032 934 1099 urgeretur,
950 1024 1135 1086 cubiculum

67 1100 205 1162 Caesaris
230 1103 308 1162 iuxta
332 1101 511 1181 decoquitur
543 1103 624 1164 virus
647 1103 776 1181 cognitis
799 1116 884 1167 antea
908 1108 1032 1168 venenis
1054 1110 1134 1188 rapi-

27 1185 147 1245 ludum.
205 1185 270 1246 llos
298 1184 464 1246 habebatur
491 1187 662 1266 principum
691 1188 803 1250 liberos
832 1209 897 1250 oum
922 1192 1031 1252 ceteris
1053 1193 1186 1259 idem16

63 1270 170 1330 aetatis
205 1269 357 1330 nobilibus
392 1268 531 1331 sedentes
564 1273 660 1348 vesci„
675 1273 707 1332 in
735 1282 859 1351 aspectu
884 1274 1154 1354 propinquorum,-

61 1354 187 1432 'propria
217 1363 246 1414 et
274 1353 412 1432 parciore
436 1372 549 1415 mensa.
604 1357 669 1417 lllic
692 1358 832 1436 epulante
854 1359 1038 1432 Britannico,
1063 1361 1134 1438 quia

66 1437 150 1498 cibos
173 1445 323 1516 potusque
347 1438 411 1499 eius
434 1438 583 1501 delectus
602 1459 636 1502 ex
665 1441 813 1503 ministris
837 1452 924 1519 gustu
948 1443 1131 1522 explorabat,

63 1539 101 1581 ne
135 1523 323 1584 omitteretur
356 1523 523 1583 institutum
557 1532 608 1602 aut
637 1525 793 1604 utriusque
828 1535 924 1586 morte
952 1528 1133 1605 proderetur

25 1606 183 1679 15‘scelus,
213 1606 282 1666 talis
312 1606 399 1667 dolus
421 1619 558 1685 repertus
583 1617 638 1668 est.
683 1609 806 1669 innoxia
829 1610 926 1670 adhuc
950 1629 984 1670 ac
1006 1608 1139 1688 praeca-¹

62 1688 124 1749 lida
149 1699 178 1750 et
199 1690 289 1750 libata
307 1697 395 1767 gustu
411 1691 494 1768 potio
513 1691 638 1751 traditur
654 1691 845 1764 Britannico,
869 1693 947 1763 dein,
971 1704 1132 1771 postquam

38 1774 182 1832 ·le1·vore
218 1773 449 1853 aspernabatur,
490 1773 597 1850 frigida
631 1774 661 1834 in
692 1793 767 1853 aqua
790 1776 954 1834 allunditur
974 1793 1132 1847 venenum,

66 1857 146 1934 qtrod
165 1857 210 1917 ito
234 1867 358 1919 cunctos
381 1859 446 1918 eius
470 1865 552 1918 artus
574 1858 705 1937 pervasit
729 1866 762 1918 ut
782 1859 840 1921 v'ox
854 1858 967 1935 paritor
990 1866 1019 1918 et
1041 1859 1138 1935 spiri--

63 1949 112 2000 tus
145 1952 329 2019 raperentur.
376 1941 556 2021 Trepidatur
585 1961 600 2003 a
631 1942 945 2014 circumsedentibus,
971 1940 1132 2016 diffugiunt

22 2025 272 2103 20inprudentes.
316 2032 355 2087 nt
378 2027 485 2105 quibus
509 2026 599 2088 altior
620 2025 801 2097 intellectus,
824 2025 969 2085 resistunt
991 2024 1078 2085 delixi
1101 2033 1131 2084 et

62 2110 213 2170 Neronem
236 2111 396 2181 intuentes.
444 2111 514 2181 llle,
542 2119 576 2171 ut
598 2119 662 2172 erat
685 2110 807 2171 reclinis
831 2117 861 2168 et
882 2107 986 2168 nescio
1010 2107 1129 2191 spiritis,

63 2194 184 2254 solitum
208 2194 247 2255 ita
272 2196 388 2274 anper
411 2195 592 2256 comitialem
615 2195 766 2266 morbum,
806 2192 995 2272 quoprima'
1024 2191 1061 2251 ab
1085 2192 1130 2252 in-

62 2278 156 2338 lantia
186 2279 380 2341 alllictaretur
402 2280 607 2352 Britannicus,
643 2289 672 2340 et
701 2278 851 2339 redituros
880 2276 1023 2356 paulatim
1047 2275 1129 2338 risus

62 2382 240 2441 sensusque.
287 2368 323 2424 At
344 2364 526 2442 Agrippinae
549 2366 576 2425 is
598 2382 699 2441 pavor,
724 2383 758 2424 ea
782 2362 985 2424 consternatio
1009 2361 1129 2436 mentis,

21 2459 52 2507 25
65 2448 200 2525 quamvis
216 2447 296 2506 vultu
313 2459 508 2524 premeretur,
532 2447 664 2518 emicuit,
689 2457 720 2508 ut
742 2447 868 2530 perinde
885 2447 1018 2523 ignaram
1036 2445 1133 2513 luisse

62 2531 237 2607 [Octaviam
255 2548 390 2594 sororem
402 2530 582 2607 Britannici]
599 2530 784 2590 constiterit:
808 2531 919 2608 quippe
942 2528 1000 2588 sihi
1024 2546 1130 2603 supre-
1220 2544 1222 2549 ⁴

51 2630 142 2673 ¹mum
167 2612 307 2671 auxilium
332 2621 467 2689 ereptum
498 2620 528 2671 et
558 2613 713 2688 parricidii
736 2613 904 2690 exemplum
927 2609 1130 2683 intellegebat.
1155 2611 1175 2679 j

25 2756 28 2759 .
62 2697 184 2756 Octavia
209 2714 342 2772 quoque,
376 2694 509 2772 quamvis
532 2693 657 2755 rudibus
681 2694 784 2761 annis,
808 2693 942 2752 dolorem
966 2691 1129 2765 caritatem,

63 2780 162 2841 omnis
186 2781 310 2840 allectus
340 2778 525 2839 abscondere
557 2777 724 2836 didicerat:
767 2775 809 2835 lta
833 2785 902 2853 post
924 2774 1013 2834 breve
1036 2773 1127 2833 silon·
1142 2778 1181 2837 17
1223 2817 1227 2822 ,

20 2879 51 2927 30
64 2866 137 2925 tium
158 2864 285 2943 repetita
311 2861 438 2945 convivii
461 2861 584 2923 laetitia.
622 2861 687 2921 Nox
712 2859 813 2920 eadem
837 2877 943 2918 necem
965 2857 1130 2917 Britannici
1160 2867 1162 2870 ’

62 2958 91 3010 et
112 2967 218 3026 rogum
242 2947 429 3021 coniuncxit,
459 2947 581 3026 proviso
606 2955 675 3007 auto
697 2943 816 3025 funebri
839 2951 960 3022 paratu,
990 2941 1041 3021 qui
1063 2960 1129 3002 mo·

57 3165 105 3200 nur
123 3152 167 3200 das
182 3149 482 3208 Giltberbeizuscholseo,
501 3149 570 3205 nicht
654 3152 678 3200 9.
706 3147 821 3211 cognitis
839 3149 917 3207 anteo
935 3143 1136 3207 verienb'rapb
1211 3138 1213 3142 ⁴

57 3220 119 3268 auob
144 3219 247 3268 demand
279 3235 324 3268 aus
355 3219 401 3268 der
424 3216 569 3280 Umgebuug
621 3217 690 3279 dum,
709 3213 823 3265 reisscnd
842 3212 919 3261 durch
942 3205 1011 3261 seina
1028 3210 1132 3260 Zusam-

57 3287 101 3335 des
120 3287 278 3336 Britannicus
297 3303 328 3335 zu
351 3286 483 3347 gewinuen
502 3300 566 3334 wor.
619 3291 782 3344 meosetzung
796 3278 941 3338 ausGilteo,
956 3278 1132 3328 dereuStdrlre
1178 3326 1182 3330 .

94 3357 115 3403 l.
148 3357 227 3418 pensi
251 3354 316 3402 stelit
343 3354 380 3402 als
400 3352 461 3402 Gen.
482 3351 565 3417 pretii.
621 3351 723 3418 erproht
741 3364 804 3399 war.

57 3421 158 3469 Ebenso
177 3421 207 3468 Η.
228 3420 247 3468 l·
268 3422 309 3470 46·
331 3419 411 3470 Οιῖθι
432 3418 568 3469 Vfll.MllX.
654 3448 703 3507 160
726 3454 765 3501 Η.
790 3449 920 3511 sedentes,
945 3443 1066 3496 wahrend
1084 3443 1133 3492 die

57 3485 569 3604 ,¹1¹1leg}n3sssep⁰1st7gssffizrdffifflffl1¹31:ss
620 3519 716 3594 altered
735 3517 863 3567 Personen
879 3513 978 3576 liegend
997 3510 1114 3576 speisten.

56 3638 105 3672 ron
126 3620 206 3670 einem
224 3619 346 3670 Neutrum
365 3619 496 3681 abhingig,
518 3619 568 3668 wie
657 3606 695 3655 Π·
715 3602 828 3664 servm·
850 3600 875 3650 S·
896 3615 928 3647 ΖΗ
946 3596 987 3645 ¹¹¹·
1008 3596 1050 3646 ²4·

58 3688 119 3740 Sall.
142 3687 197 3736 Cat.
219 3691 233 3738 5
258 3704 341 3752 neque
358 3687 388 3737 id
404 3689 499 3752 picibus
515 3702 570 3736 rno-
655 3691 696 3739 25.
714 3686 835 3753 perinde.
857 3676 1134 3756 Siewarebenspsolrr
1226 3741 1237 3751 ‚

58 3759 100 3808 dis
119 3762 315 3820 assentiuntur,
335 3758 477 3820 quicquam
492 3756 572 3819 ponci
622 3754 817 3822 dcsMordplans
836 3748 964 3808 unliundig
981 3744 1018 3796 als
1037 3760 1074 3794 sie
1093 3759 1133 3793 er·
1224 3758 1226 3762 ·

58 3826 186 3885 babebat,·
206 3823 303 3873 iihernll
320 3825 387 3874 steht
405 3839 431 3874 es
448 3822 472 3873 iu
489 3823 570 3882 eidem
622 3824 738 3872 schreclrt
760 3835 825 3871 war.
871 3817 919 3867 Die
937 3812 1038 3891 Worte·
1058 3811 1133 3860 Octa—

56 3892 191 3954 negatiren
211 3891 278 3941 Satz.
622 3892 702 3955 ciaon,
718 3902 836 3940 sororem
846 3883 1002 3941 Britannice}
1019 3880 1074 3930 siud
1084 3893 1132 3942 roo

89 3981 206 4026 Cornelius
221 3981 312 4025 Tacitus
324 3978 352 4023 ll.
408 4006 414 4012 -
678 4004 679 4009 =
912 3971 930 4021 b
