2550 4350
796 82 831 139 ί

126 283 186 344 190
514 285 672 339 commu
691 286 803 339 racrm
935 280 940 287 ·
1069 290 1200 351 (auus

125 444 302 507 omittebant
316 445 457 505 Lucanus
477 459 601 519 ¹quoque
623 449 654 501 et
675 440 804 502 Senecio
827 447 857 500 et
873 438 1056 510 Quintianus
1079 442 1198 518 passim

125 531 265 592 conscios
295 530 393 600 edere,
427 527 521 603 magis
544 525 697 603 magisque
719 523 828 603 parido
850 523 980 592 Nerone,
1011 543 1199 604 quamquam

71 619 112 681 58
124 614 329 694 multiplicatis
358 611 492 672 excubiis
521 618 618 670 semet
638 608 811 688 saepsisset.
856 607 937 679 Quin
959 616 990 666 et
1010 608 1124 670 urbem
1146 629 1200 689 per

124 698 293 778 manipulos
317 696 472 774 occupatis
494 693 663 766 moenibus,
686 693 804 754 insesso
829 692 921 753 etiam
942 692 1018 752 mari
1043 703 1075 754 et
1098 713 1197 765 amne,

123 783 211 845 velud
233 783 265 843 iu
288 782 455 843 custodiam
477 779 570 840 dedit.
592 777 821 856 l'olitabautque
834 795 892 856 per
905 777 980 848 lora,
1002 796 1061 855 per
1076 779 1218 849 dumoso

31 892 33 897 ’
122 886 193 928 rura
222 886 341 947 quoque
369 875 400 926 et
429 864 563 944 proxima
586 861 828 940 municipiorum,
856 861 976 939 pedites
999 863 1192 942 equitesque,

122 952 261 1032 permixti
291 950 457 1020 Germanis,
487 947 595 1027 quibus
621 946 733 1007 fidebat
759 945 901 1024 princeps
932 947 1019 1022 quasi
1050 949 1191 1009 externis.

123 1037 272 1099 Continuo
301 1035 373 1096 lrinc
401 1044 430 1095 et
458 1033 556 1093 vincta
583 1030 702 1108 agmina
730 1030 807 1091 trabi
836 1048 871 1090 ac
892 1028 1010 1090 loribus
1033 1031 1192 1094 hortorum

89 1147 96 1157 ·
122 1121 269 1182 adiacere.
308 1121 405 1198 Atque
427 1118 478 1178 ubi
501 1117 659 1177 dicendam
683 1114 719 1176 ad
743 1133 865 1175 causam
885 1114 1076 1187 introissent,
1101 1116 1192 1179 laeta-

121 1215 184 1265 tum
214 1221 282 1280 erga
311 1204 493 1270 coniuratos,
524 1199 664 1260 lortuitus
693 1217 793 1259 sermo
817 1208 847 1259 et
869 1196 962 1259 subiti
985 1218 1146 1275 occursus,
1167 1201 1191 1261 si
1202 1210 1224 1259 lo

122 1289 299 1357 convivium,
323 1288 349 1346 si
372 1284 575 1362 spectaculum
599 1282 688 1342 simul
705 1282 842 1354 inissent,
866 1289 921 1361 pro
938 1282 1067 1345 crimine
1083 1287 1191 1364 accipi,

121 1390 189 1432 cum
216 1387 309 1446 super
329 1368 458 1430 Neronis
487 1385 522 1426 ac
545 1366 683 1442 Tigellini
713 1385 816 1426 saevas
845 1368 1095 1444 percontationes
1119 1371 1192 1431 Fae-

120 1454 190 1515 nius
213 1470 333 1530 quoque
355 1451 448 1512 Ruius
469 1449 617 1531 violenter
638 1458 787 1526 urgueret,
817 1452 951 1512 nondum
973 1452 1010 1513 ab
1035 1453 1190 1516 indicibus

119 1536 301 1605 nominatus,
334 1545 365 1596 et
394 1553 453 1614 quo
483 1535 571 1595 tidem
600 1534 737 1596 inscitiae
765 1544 895 1614 pararet,
928 1547 1015 1597 atrox
1044 1539 1189 1600 adversus

118 1620 230 1682 socios.
273 1619 359 1682 Idem
380 1618 490 1681 Subrio
517 1619 607 1680 Flavo
636 1620 791 1681 assistenti
822 1620 1038 1699 adnuentique,
1074 1642 1113 1683 an
1143 1624 1224 1684 in·15

119 1714 167 1766 ter
193 1705 290 1784 ipsam
319 1705 522 1782 cognitionem
551 1704 752 1782 destringeret
773 1704 904 1781 gladium
926 1705 1114 1784 caedemque
1138 1726 1190 1786 pa-

120 1785 226 1862 traret,
248 1790 370 1852 rennuit
392 1789 573 1866 infregitque
595 1789 739 1867 impetum
761 1788 821 1850 iam
843 1807 964 1849 manum
987 1790 1025 1850 ad
1048 1792 1189 1870 capulum

119 1875 288 1936 referentis.

65 1962 107 2024 59
203 1959 300 2020 Fuere
330 1958 382 2036 qui
410 1956 529 2035 prodita
553 1955 769 2029 coniuratione,
798 1955 869 2017 dum
891 1956 1014 2017 auditur
1032 1951 1187 2034 Milichus,

118 2043 188 2104 dum
211 2043 328 2104 dubitat
349 2040 522 2111 Scaevinus,
551 2040 744 2101 hortarentur
764 2039 907 2101 Pisonem
929 2059 1060 2120 pergere
1080 2044 1111 2104 in
1136 2053 1224 2107 ca-tt

118 2137 180 2189 stra
194 2139 250 2189 aut
270 2134 370 2187 rostra
392 2124 555 2186 escendere
577 2125 736 2204 studiaque
757 2125 887 2186 militum
909 2133 939 2186 et
959 2127 1067 2206 populi
1092 2137 1189 2208 temp

116 2220 192 2272 tare.
246 2212 278 2271 Si
309 2209 466 2270 conatibus
506 2209 570 2270 eius
599 2210 715 2270 conscii
743 2217 990 2286 aggregarentur,
1026 2220 1189 2275 secuturos

115 2296 207 2355 etiarn
236 2295 386 2369 integros;
415 2310 613 2369 magnamque
641 2301 740 2352 motae
768 2293 812 2353 rei
835 2294 954 2366 lamam,
990 2312 1070 2372 quae
1092 2296 1188 2374 pluri·

115 2395 196 2438 mum
219 2376 250 2435 in
273 2376 359 2436 novis
384 2375 520 2436 consiliis
542 2375 662 2436 valeret.
690 2375 771 2436 Nihil
793 2377 949 2439 adversum
972 2378 1048 2440 haec
1071 2381 1185 2443 Neroni

114 2458 280 2539 provisum.
302 2459 399 2518 Etiam
422 2459 516 2518 fortes
537 2459 619 2520 viros
642 2459 750 2521 subitis
774 2463 897 2537 terreri,
917 2463 1027 2523 nedum
1050 2464 1104 2527 ille
1120 2474 1222 2527 sce-25

116 2544 213 2617 nicus,
243 2542 393 2620 'l'igellino
416 2541 534 2604 scilicet
556 2561 623 2604 cum
646 2545 794 2624 pelicibus
817 2547 880 2608 suis
903 2547 1078 2622 comitante,
1103 2569 1186 2612 arma

115 2637 219 2690 contra
241 2629 344 2690 cieret.
366 2627 457 2689 Multa
479 2628 661 2707 experiendo
680 2631 814 2704 confieri,
838 2650 914 2710 quae
929 2632 1075 2708 segnibus
1091 2633 1186 2696 ardua

112 2713 277 2776 videantur.
299 2713 422 2774 Frustra
446 2712 599 2775 silentium
620 2723 652 2775 et
672 2715 763 2777 tidem
784 2716 816 2775 in
838 2724 883 2776 tot
905 2716 1100 2779 consciorum
1118 2719 1185 2781 ani-

112 2799 170 2859 mis
193 2808 223 2859 et
245 2799 422 2876 corporibus
444 2817 583 2877 sperare:
607 2799 752 2861 cruciatui
774 2809 825 2862 aut
838 2799 972 2880 praemio
988 2813 1097 2864 cuncta
1114 2822 1185 2883 per-

113 2884 159 2944 via
188 2901 266 2944 esse.
311 2884 457 2944 Venturos
487 2883 537 2961 qui
566 2883 665 2962 ipsum
694 2903 815 2964 quoque
842 2883 1004 2958 vincirent,
1035 2897 1233 2965 postremooo

144 3100 167 3147 1.
196 3096 322 3145 Lucanus
348 3112 450 3159 quoqne
472 3102 497 3144 et
515 3095 573 3145 Seu.
593 3102 619 3146 et
668 3115 725 3151 man
750 3102 797 3150 den
815 3099 1018 3151 Vcrscbworuen
1036 3104 1187 3166 gege'ndber

20 3176 27 3197 t
108 3163 207 3226 Quint,
226 3163 293 3210 nicht
309 3162 377 3210 bloss
396 3162 617 3215 dieunbedeuten-
667 3168 767 3218 Frende
793 3167 939 3228 gedussert',
966 3168 1008 3218 bei
1027 3171 1111 3222 einom
1131 3173 1184 3223 srd-

108 3230 186 3352 degcsu
205 3229 251 3278 der
268 3227 478 3344 lgerscbwornen.
667 3236 728 3286 beru
745 3233 957 3285 Zusummeusein.

188 3298 246 3352 ,1.
298 3298 413 3346 carnonis
455 3298 551 3350 welche
576 3303 616 3352 die
1040 3331 1050 3342 ·
1099 3331 1106 3342 ·

107 3334 552 3427 cigentlicbeLelbwacbe⁷bildeten
575 3370 615 3418 die
665 3321 754 3445 5513?
775 3327 815 3444 ἔθ’
837 3333 933 3391 cam'
946 3327 1179 3382 derprmmner‘

106 3446 219 3497 corpore
236 3431 361 3482 custodes.
399 3433 615 3487 0r.lnscbr.174
685 3429 691 3441 ⁹
748 3430 754 3440 '
794 3431 800 3442 '

105 3499 211 3562 Barrus,
229 3497 345 3550 Neronis
364 3500 485 3552 Caesaris
503 3518 614 3567 corpore
698 3486 739 3537 23·
759 3501 938 3566 magnamque
959 3493 1048 3539 ”wlff
1072 3492 1118 3540 Μ’
1138 3490 1185 3554 fss·

78 3613 82 3625 ,
107 3572 201 3629 curtos,
218 3569 327 3617 natione
344 3567 455 3619 Frusino.
475 3572 506 3620 35
526 3571 558 3619 38
567 3568 613 3617 At·
663 3565 750 3633 mall*
770 3555 832 3618 dede
850 3555 995 3617 Beweguug
1011 3557 1104 3609 1161(Ῐο
1123 3572 1191 3619 Vim·-

26 3698 29 3703 ¹
105 3635 246 3696 dmm,
270 3634 386 3686 Neroni,
414 3634 536 3709 Claudpfip
555 3633 612 3684 cai.
665 3617 776 3672 Gerucbt
793 3622 831 3672 als
850 3637 921 3684 gross
940 3623 1101 3684 durgestellt.

103 3703 192 3763 sartis)
215 3703 349 3768 Aogtustit
376 3701 537 3764 Gertrnunici)
555 3717 613 3751 oor·
698 3707 738 3758 28.
760 3709 789 3755 ire
807 3710 848 3756 tot
864 3721 948 3756 conec.
959 3709 1057 3756 animis
1076 3715 1104 3758 et
1122 3726 1184 3763 cot·-

100 3769 613 3833 por.cuet.dec[uria)Albani,nattione)
660 3775 780 3837 poribus,
804 3773 926 3822 wibreud
945 3775 991 3824 nul
1006 3774 1077 3825 diese
1097 3778 1181 3830 durob

102 3834 327 3898 Batauavgtt.
349 3835 479 3886 24.th1.
503 3838 541 3888 te.
663 3839 901 3905 Versprecbuugen,
940 3842 1092 3904 Drobungeu
1128 3848 1181 3896 und

137 3906 160 3954 9.
191 3905 325 3966 laetatum,
351 3902 424 3953 udml.
455 3919 516 3967 eree,
545 3905 611 3956 ‘dass
662 3907 748 3958 Folter
765 3907 875 3969 gewirlrt
893 3909 988 3958 werde.
1044 3912 1047 3917 ’
