2550 4350
118 305 179 369 ttu
382 354 390 361 .
463 352 468 368 ,
497 305 658 358 connscu
675 306 787 360 unctu
1059 310 1192 374 (ausu

63 473 107 535 42
202 462 288 526 Haud
311 461 405 523 multo
427 468 498 540 post
519 412 703 539 praetectum
726 460 809 522 urbis
830 460 996 523 Pedanium
1012 417 1192 533 Secundum

116 568 220 614 sertus
243 547 340 627 ipsius
362 545 526 616 interfecit,
549 563 604 606 seu
626 552 733 622 negata
748 544 898 617 libertate,
921 546 969 606 eui
985 546 1123 624 pretium
1138 567 1191 629 pe-

115 635 243 716 pigerat,
273 630 337 691 sive
366 646 469 691 amore
500 628 609 689 exoleti
638 628 775 689 intensus
805 638 836 691 et
858 630 1015 691 dominnm
1037 632 1192 695 aemulum

117 736 180 781 non
202 715 347 777 tolerans.
371 714 511 776 Ceterum
528 729 594 773 oum
617 721 718 773 vetere
741 731 777 773 ex
795 731 879 775 more
896 713 1042 775 familiam
1057 734 1191 791 omnem,

118 820 196 887 quae
218 799 275 860 sub
297 798 405 860 eodem
427 805 507 858 tecto
530 796 750 868 mansitaverat,
774 796 811 856 ad
832 797 1018 876 supplicium
1033 799 1086 875 agi
1102 812 1213 880 opor-5

119 893 205 955 teret,
237 901 387 945 concursu
408 880 517 960 plebis,
547 898 622 958 quae
645 888 690 940 tot
710 880 851 941 innoxios
872 881 1064 960 protegebat,
1096 903 1193 964 nsque

118 970 155 1032 ad
178 967 361 1030 seditionem
381 974 501 1027 ventum
525 975 587 1036 est;
611 972 778 1043 senatuque
794 965 824 1025 in
841 964 909 1044 ipso
925 974 1012 1027 erant
1027 968 1132 1030 studia
1147 969 1192 1031 ni·

118 1053 210 1115 mium
225 1051 415 1113 severitatem
430 1049 665 1127 aspernantium,
681 1047 818 1126 pluribus
835 1049 911 1109 nihii
926 1051 1108 1117 mutandum
1123 1071 1192 1115 cen·

118 1136 266 1199 sentibus.
288 1135 331 1195 Ex
354 1133 422 1213 quis
447 1132 478 1193 C.
495 1132 618 1195 Cassius
640 1131 809 1193 sententiaa
831 1133 899 1196 loco
921 1133 953 1194 in
971 1134 1192 1199 bonomodu·

66 1225 108 1287 43
120 1219 273 1283 disseruit
297 1218 531 1297 Saepenumero,
554 1223 656 1293 patres
679 1215 854 1294 conscripti,
878 1217 910 1277 in
931 1217 990 1279 boc
1012 1219 1127 1283 ordine
1146 1223 1190 1283 in·
1202 1230 1223 1280 to

121 1303 235 1375 terfui„
250 1320 318 1363 oum
347 1312 451 1362 contra
480 1299 616 1361 instituta
639 1305 669 1358 et
689 1297 772 1376 leges
794 1301 942 1362 maiorum
965 1310 1045 1363 nova
1067 1313 1192 1365 senatus

121 1390 241 1451 decreta
264 1386 505 1465 postularentur3
539 1401 636 1461 neque
659 1388 726 1443 sunt
748 1384 1018 1459 adversatus'non
1041 1388 1115 1466 quia
1139 1387 1191 1449 du·

122 1473 251 1535 bitarem
280 1489 373 1548 super
401 1466 540 1529 omnibus
568 1466 698 1543 negotiis
730 1468 838 1529 melius
869 1478 958 1548 atque
980 1471 1099 1533 rectius
1122 1472 1193 1533 otim

121 1556 274 1636 provisum
298 1563 336 1626 et,
359 1571 436 1631 quae
459 1559 714 1624 converterentur,
739 1551 771 1611 in
793 1552 925 1614 deterius
941 1555 1062 1628 mutari,
1087 1557 1142 1617 sed
1157 1574 1194 1617 ne

123 1639 217 1701 nimio
241 1656 342 1700 amore
364 1636 480 1715 antiqui
502 1635 596 1697 moris
620 1634 752 1697 studium
774 1655 872 1697 meum
896 1637 1040 1700 extoliere
1063 1640 1225 1701 viderentt

122 1723 219 1785 Simul
235 1720 380 1801 quidquid
402 1720 461 1781 hoc
484 1719 514 1780 in
538 1719 626 1780 nobis
649 1719 836 1781 auctoritatis
860 1729 915 1793 ost,
939 1721 1056 1784 crebris
1073 1732 1202 1789 eontra.

124 1806 307 1869 dictionibus
340 1805 554 1867 destruendum
585 1820 646 1862 non
681 1803 896 1876 existimabam,
931 1814 964 1866 ut
985 1812 1128 1880 maneret
1150 1809 1193 1870 in-

124 1900 250 1970 tegrum,
274 1890 300 1951 si
324 1889 441 1969 quando
464 1885 654 1964 respublica
678 1887 814 1949 consiliis
830 1889 974 1966 eguisset.
998 1889 1090 1962 Quod
1104 1892 1195 1955 hodie

124 1977 205 2038 venit
228 1974 379 2036 consutari
401 1972 465 2033 viro
488 1970 570 2030 domi
593 1972 665 2032 suae
687 1973 846 2033 interfecto
868 1992 924 2052 per
946 1973 1076 2036 insidias
1100 1976 1194 2039 serui-

124 2059 179 2133 les,
203 2078 277 2139 quas
301 2075 389 2119 nemo
412 2053 568 2133 prohibuit
588 2063 640 2116 aut
661 2055 795 2134 prodidit
818 2058 953 2135 quamvis
969 2059 1106 2121 nondum
1123 2070 1228 2123 con-tt

126 2161 218 2206 ousso
248 2149 370 2204 senatus
399 2138 537 2199 consulto
561 2140 641 2219 quod
663 2138 846 2219 supplicium
870 2142 926 2203 toti
948 2143 1083 2205 familiae
1106 2145 1195 2206 mini-

126 2229 255 2290 tabatur.
279 2221 438 2285 Decernite
453 2222 581 2285 Hercule
605 2223 814 2303 inpunitatem,
839 2234 870 2287 ut
887 2244 975 2305 quem
991 2227 1125 2307 dignitas
1141 2247 1195 2290 sua

157 2371 210 2430 42.
235 2375 260 2424 2.
281 2373 326 2422 oui
344 2374 464 2437 pretium
483 2377 632 2441 propageret.
721 2375 760 2425 19.
776 2376 850 2423 uenit
858 2374 1083 2437 ‘eingetreteniet’.
1096 2376 1155 2429 Xii.
1164 2379 1197 2431 32

123 2441 252 2493 Derilerr
269 2445 405 2501 gestattete
423 2436 635 2493 diterdemScla-
684 2439 715 2489 id
729 2455 783 2504 pato
798 2444 951 2508 promptim
968 2446 1080 2495 venirat
1101 2445 1153 2497 Cic.
1170 2461 1196 2512 p.

123 2524 173 2560 ren
199 2506 252 2557 sieb
275 2521 325 2557 von
342 2508 437 2561 seinent
454 2509 562 2560 Erwerb
580 2512 634 2626 (pe
684 2506 1202 2579 Bulb.21.1180ampaooeannnpoat

124 2576 235 2636 eutium)
254 2575 437 2635 ireizukeufeu,
459 2577 586 2628 obwobla
606 2590 635 2625 er
686 2575 756 2625 bono
773 2578 890 2626 ciuitatis
907 2577 1080 2639 &nomm
1099 2583 1200 2631 acerri-

123 2642 233 2695 ltrwerb
252 2643 411 2695 desSelaven
428 2646 491 2695 neob
508 2653 635 2706 streugam
684 2656 730 2692 ma
753 2642 785 2692 de
809 2647 915 2694 ciuitate
938 2648 1059 2708 woerda
1078 2650 1198 2699 renutet

124 2710 206 2762 liocbt
229 2711 285 2762 dem
303 2712 386 2762 Herrn
409 2713 564 2775 gebdrt'und
583 2711 635 2761 die·
686 2706 1200 2776 Seri.ep.66,40Moropm'demomntama

124 2794 169 2830 ser
191 2780 302 2831 dardber
315 2779 395 2842 jcden
412 2779 568 2843 Augenbliek
586 2777 636 2828 dis·
683 2793 739 2842 pur
762 2783 807 2828 eat
842 2779 894 2829 Per·
918 2794 987 2843 quoe
1002 2783 1079 2831 uenit
1095 2782 1202 2833 decem

123 2848 230 2914 poniren
246 2848 321 2897 kann.
685 2851 755 2896 eunt.
792 2848 832 2903 76,
855 2848 886 2898 25
914 2851 1055 2912 tormento,
1082 2854 1111 2899 et
1133 2864 1203 2914 quae

158 2918 420 2968 neomeniarum.
444 2910 581 2977 11312011.
591 2911 633 2963 32.
687 2927 751 2963 cocu
770 2915 886 2975 ,amiam
907 2918 933 2963 ct
955 2929 1025 2979 quoe
1039 2919 1203 2981 potentior&

158 2984 184 3033 a.
206 2978 232 3029 C.
253 2977 363 3031 Omnian
393 2982 420 3033 S.
440 2997 472 3032 zu
488 2979 546 3032 xtt.
570 2981 610 3030 11.
685 2982 795 3030 dodorim
1109 3014 1113 3021 -

113 3071 116 3078 ·
158 3041 211 3101 48.
233 3048 507 3100 rememoramus
521 3063 545 3096 u.
557 3060 631 3101 ew„
718 3047 859 3098 cumulari
874 3050 941 3098 viro.
959 3047 1007 3099 Die
1026 3049 1205 3117 Stadtpraitoo·

125 3112 204 3163 demit
227 3129 255 3164 es
279 3114 351 3167 nicht
369 3116 470 3168 sebieue
496 3114 535 3163 iob
558 3109 634 3161 wolle
684 3120 727 3162 ten
745 3114 852 3163 worden
870 3128 916 3164 aus
931 3115 1205 3182 deucomnlarenge-

126 3179 204 3230 durch
228 3197 260 3232 zu
285 3197 374 3245 grosse
392 3180 511 3234 Voriiebe
535 3178 577 3228 ffir
595 3178 637 3229 die
689 3192 810 3229 nomnen.
831 3179 873 3230 Vl.
894 3184 933 3232 11.

126 3245 178 3298 alte
196 3247 268 3310 Sitte,
298 3251 323 3300 d.
344 3251 368 3299 h.
397 3247 480 3297 indum
508 3245 547 3294 iob
574 3245 637 3297 alies
723 3247 764 3299 20.
792 3247 912 3298 nondum
940 3265 1069 3303 oonoueao
1095 3259 1208 3305 somno

127 3314 186 3365 Alte
205 3310 550 3379 idrvorzdgliobercrkidre,
571 3313 638 3364 mein
689 3314 810 3365 consulto
823 3331 923 3367 n.s.w.
949 3316 1134 3371 DieseWorte
1149 3322 1208 3383 sind

126 3381 248 3444 Studium,
270 3385 312 3434 die
328 3378 520 3445 Jnrisprudenz,
544 3380 638 3432 bedeu—
687 3380 817 3433 vielieicht
833 3383 982 3443 sebterbatt,
1012 3385 1047 3436 da
1072 3387 1120 3437 der
1140 3390 1210 3440 Aus-

127 3454 218 3503 tender
236 3448 383 3502 ersobeinen
407 3445 499 3506 lessen,
527 3448 637 3500 welches
690 3449 769 3501 druok
791 3467 840 3501 von
865 3452 946 3515 ciuem
968 3452 1206 3515 Seuatsbescbluss,

124 3518 168 3570 die
185 3517 275 3569 Kunde
293 3515 339 3565 der
357 3512 424 3564 alten
441 3513 638 3580 Einricbtungen
690 3516 736 3568 der
762 3535 810 3568 nor
826 3519 883 3570 viar
899 3519 978 3570 Jabre
994 3521 1092 3571 verber
1108 3524 1211 3585 gereret

128 3587 242 3637 umfasst.
690 3600 747 3636 war
764 3585 844 3650 (Xttt.
858 3588 909 3648 32),
929 3602 963 3637 zu
979 3588 1100 3639 echwaob
1119 3590 1176 3643 ist.'

163 3654 203 3704 16.
223 3653 252 3700 in
270 3650 347 3699 nobie
362 3674 398 3695 =
414 3648 440 3699 in
457 3665 505 3700 me.
724 3654 767 3705 22.
786 3658 819 3702 ut
829 3668 914 3717 quem,
936 3654 1126 3705 ‘domitwend’
1145 3659 1172 3710 d.
1184 3662 1208 3711 b.

163 3719 204 3770 18.
215 3717 381 3783 respublica.
394 3716 537 3780 Dieliinge,
547 3718 640 3770 beide·
691 3719 770 3771 demit
792 3718 957 3771 Nicmenden.
994 3720 1055 3781 lias,
1083 3739 1143 3776 was
1169 3728 1212 3778 die

127 3783 360 3847 renVerbandiung
377 3785 635 3852 erfrdherscbwieg,
691 3787 867 3848 notbwendige
894 3787 971 3850 Fulge
998 3788 1040 3846 ist,
1073 3792 1145 3842 wird
1174 3794 1213 3845 ais

128 3851 191 3901 bielt
214 3868 243 3902 er
261 3853 329 3903 nicht
346 3853 388 3902 idr
405 3853 577 3905 einflussreioh
595 3855 643 3906 auf
691 3852 796 3904 Absicbt
830 3855 1056 3917 untergcsoboben.
1096 3858 1154 3910 Cio.
1185 3879 1211 3929 p.

127 3917 177 3967 den
195 3932 291 3981 ganzen
309 3918 390 3971 Staat.
681 3920 763 3979 ¹bont.
786 3923 825 3979 to,
841 3922 874 3973 22
890 3937 938 3974 oce
955 3927 1045 3975 tanam
1063 3938 1127 3978 oram
1148 3928 1214 3982 Gol-
