2550 4350
145 274 210 340 208·
533 283 679 338 connum
697 285 809 338 raom
891 288 894 294 ·
1011 331 1015 338 ,
1089 259 1210 354 (ajune

115 447 136 506 4
230 440 349 500 Interim
381 439 448 499 anni
477 439 623 517 principio
647 439 760 501 Drusus
790 460 826 501 ex
849 440 1014 502 Germanici
1035 442 1138 503 liberis
1161 451 1210 504 to-

145 543 207 604 gam
230 524 341 584 virilem
366 524 508 602 sumpsit;
540 542 672 602 quaeque
701 524 783 585 fratri
814 526 877 585 eius
899 526 1009 586 Neroni
1039 526 1211 589 decreverat

146 615 275 682 senatus
299 608 436 686 repetita.
469 607 587 668 Addidit
602 608 766 669 orationem
783 608 900 680 Caesar,
924 611 1013 671 multa
1037 629 1102 676 cum
1125 610 1212 674 laude

68 735 71 743 ι
143 693 192 754 lilii
215 692 271 765 sui,
294 693 379 771 quod
393 693 487 770 patria
503 693 707 753 benevolentia
723 693 753 752 in
770 694 869 755 lratris
886 693 995 754 liberos
1012 696 1098 756 leret.
1136 697 1211 758 Nam

143 778 270 848 Drusus,
291 795 465 856 quamquam
488 778 610 837 arduum
634 777 672 837 sit
694 777 799 837 eodem
821 776 878 838 loci
901 779 1063 856 potentiam
1089 788 1119 840 et
1134 792 1235 859 con-5

145 861 272 923 cordiam
297 880 381 934 esse,
404 880 526 940 aequus
550 859 788 922 adulescentibus
811 871 860 922 aut
883 871 961 923 certe
985 881 1043 922 non
1067 864 1210 927 adversus

144 945 315 1007 habebatur.
1018 995 1021 1001 .

153 1062 156 1066 Δ
225 1030 299 1089 Exin
329 1037 412 1089 retus
443 1037 472 1088 et
500 1046 589 1106 saepe
612 1028 779 1089 simulatum
802 1029 1008 1107 proficiscendi
1031 1031 1061 1090 in
1077 1033 1209 1110 ‘provin-

143 1114 201 1175 cias
225 1113 382 1174 consilium
403 1114 540 1173 retertur.
583 1111 798 1172 Multitudinem
821 1123 1027 1174 veteranorum
1051 1126 1208 1193 praetexe·

142 1198 191 1260 bat
211 1198 374 1276 imperator
396 1204 426 1256 et
446 1194 600 1256 dilectibus
624 1196 805 1274 supplendos
821 1199 983 1258 exercitus:
1008 1218 1074 1259 nam
1092 1199 1205 1260 ¹volun·
1221 1210 1247 1260 10

141 1282 244 1342 tarium
268 1280 389 1340 militem
413 1280 534 1351 deesse,
569 1281 648 1339 acsi
674 1280 858 1359 suppeditet,
893 1301 952 1341 non
976 1283 1077 1343 eadem
1100 1285 1208 1345 virtute

142 1383 175 1425 ac
203 1364 348 1425 modestia
377 1382 478 1442 agere,
511 1363 577 1442 quia
606 1365 780 1444 plerumque
809 1365 914 1444 inopes
944 1385 978 1426 ac
1005 1367 1069 1444 vagi
1100 1378 1208 1445 sponte

140 1447 273 1509 militiam
303 1457 429 1509 sumant.
479 1449 711 1527 Percensuitque
740 1450 850 1510 cursim
879 1469 1034 1511 numerum
1058 1451 1207 1530 legionum

69 1533 72 1538 ’
142 1542 171 1593 et
193 1551 265 1611 quas
288 1533 455 1612 provincias
484 1541 658 1593 tutarentur.
710 1533 795 1604 Quod
820 1535 889 1594 mibi
913 1554 1033 1614 quoque
1055 1554 1207 1615 exequen-

141 1617 210 1677 dum
245 1635 330 1690 reor,
367 1637 441 1695 quae
477 1626 547 1678 tunc
574 1617 705 1677 Romana
735 1618 819 1696 copia
847 1618 877 1677 in
905 1621 1011 1691 armis,
1051 1622 1101 1698 qui
1131 1621 1205 1681 socii
1220 1634 1249 1682 15

141 1719 245 1780 reges,
269 1710 378 1780 quanto
402 1702 440 1763 sit
461 1701 615 1780 angustius
639 1701 848 1779 imperitatum.

109 1791 141 1863 5,
225 1787 335 1847 ltaliam
364 1795 491 1865 utroque
525 1787 599 1846 mari
633 1785 706 1845 duae
741 1786 869 1859 classes,
906 1787 1050 1847 Misenum
1080 1796 1155 1866 aput.
1179 1797 1210 1849 et

139 1869 323 1943 Ravennam,
346 1872 572 1950 proximumque
595 1869 703 1930 Galliae
725 1871 793 1931 litus
816 1878 983 1931 constratae
1005 1889 1093 1933 naves
1117 1891 1208 1952 prae-

141 1954 276 2015 sidebant
302 1975 373 2034 quas
403 1958 517 2018 Actiaca
545 1954 664 2014 victoria
694 1963 791 2032 captas
820 1957 970 2032 Augustos
1004 1957 1034 2015 in
1064 1958 1206 2034 oppidum

139 2038 346 2101 Foroiuliense
377 2042 501 2106 miserat
527 2039 622 2099 valido
652 2056 716 2098 cum
745 2039 865 2116 remige.
921 2040 978 2099 Sed
1013 2043 1247 2119 praecipunmto

138 2124 232 2185 robur
253 2126 388 2186 Rhenum
410 2126 505 2197 iuxta,
533 2140 688 2183 commune
711 2122 741 2181 in
764 2122 925 2184 Germanos
950 2123 1106 2203 Gallosque
1130 2127 1205 2186 sub·
1263 2166 1266 2170 -

141 2209 266 2283 sidium,
301 2218 368 2271 octo
396 2208 528 2286 legiones
558 2213 650 2266 erant.
700 2206 860 2285 Hispaniae
892 2227 995 2269 recens
1022 2209 1206 2287 perdomitae

168 2355 198 2416 4.
226 2362 248 2412 2.
273 2372 392 2424 quaeque
408 2384 442 2393 —
459 2357 579 2420 repetita.
616 2354 642 2404 S.
732 2359 770 2408 16.
799 2363 898 2423 quanta
919 2361 955 2409 ait
977 2361 1118 2423 angendae
1143 2362 1207 2425 imp.

136 2426 230 2480 Ill-29.
261 2427 288 2476 C.
301 2424 320 2475 l.
331 2424 375 2473 Gr.
385 2425 465 2474 3612:
485 2423 574 2471 Drueo
583 2420 645 2472 Cae·
697 2422 722 2473 S.
743 2424 814 2476 lter
836 2443 859 2476 u.
881 2427 905 2475 d.
926 2425 992 2476 Einl.
1014 2428 1040 2475 S.
1056 2424 1102 2476 xl.

135 2498 200 2558 cari,
221 2493 372 2545 Germanici
384 2488 504 2540 Caesaris
517 2489 583 2552 filio,
605 2488 642 2540 Ti.
728 2488 757 2549 5.
787 2496 823 2544 l'l.
842 2498 955 2558 utroque
977 2496 1061 2557 mari,
1086 2495 1141 2544 dem
1166 2496 1208 2544 in·

135 2561 254 2626 Arigucta'
268 2560 367 2623 nepoti,
385 2556 442 2606 dici
449 2557 567 2622 Augusti
579 2573 644 2622 pro·
694 2557 783 2618 serum
801 2575 832 2610 an
851 2560 897 2610 der
914 2562 1080 2616 deostseite,
1102 2577 1143 2611 wo
1156 2561 1207 2611 Mi-

134 2631 233 2694 nepoti‚
247 2625 373 2691 pontifici
390 2625 414 2674 d.
433 2625 457 2674 d.
483 2628 609 2679 Boncnssr.
694 2643 786 2677 aenum
804 2628 828 2676 in
843 2627 1001 2693 campanieu,
1023 2629 1071 2678 und
1091 2629 1145 2678 dem
1163 2645 1207 2679 au·

169 2700 192 2747 b.
211 2693 300 2745 eodem
319 2692 366 2741 und
386 2707 415 2742 eo
435 2708 481 2741 nur
498 2692 523 2740 iu
538 2692 645 2743 Verbin-
693 2709 787 2758 perum
805 2697 1061 2746 oderddriatiscbcn.
1087 2695 1134 2746 Dic
1152 2696 1206 2747 bei·

135 2764 202 2824 duug
218 2762 263 2810 mit
281 2760 333 2809 loci
359 2760 400 2809 liu
417 2760 513 2810 ibidem
531 2761 580 2810 und
599 2763 642 2811 idi.
696 2764 743 2812 den
762 2762 859 2814 Flotten
884 2780 914 2813 zu
932 2764 1063 2814 Misenum
1086 2765 1135 2813 oud
1153 2762 1205 2815 Ita-

136 2830 187 2882 Cic.
214 2843 238 2892 p.
259 2827 390 2886 Sextadl,
408 2829 440 2879 68
464 2844 506 2877 ree
532 2835 592 2879 erat
615 2845 643 2879 eo
694 2845 780 2880 cenna
799 2833 917 2893 gebdrteo
937 2847 983 2882 zur
999 2831 1090 2885 Gardc.
1113 2832 1205 2881 classes

135 2897 202 2956 loci,·
229 2894 260 2943 nd
279 2897 331 2943 Att.
352 2893 371 2943 l.
395 2896 464 2951 13,5
488 2911 530 2946 res
555 2897 645 2946 eodem
690 2902 832 2962 praetoria
855 2898 1010 2948 Misenensis
1037 2899 1085 2948 und
1102 2897 1205 2949 Rauen-

135 2967 174 3013 eat
191 2961 244 3011 loci
260 2961 460 3026 quereliquisti.
487 2963 547 3014 llor.
564 2979 640 3014 earm.
693 2980 743 3014 naa
760 2966 822 3015 oder
837 2963 1039 3015 Rauennatium.

134 3028 153 3079 l.
175 3031 215 3087 38,
231 3031 246 3078 3
265 3045 317 3093 quo
336 3029 461 3081 locorum.
497 3031 559 3082 Tac.
581 3033 641 3082 noch
730 3034 768 3083 18.
788 3037 944 3081 constratae.
964 3032 1081 3081 Diellds.
1102 3039 1203 3083 rostra-

134 3095 203 3148 xlv.
214 3098 255 3147 61.
274 3096 332 3147 XV.
346 3099 386 3148 74.
693 3103 751 3160 tae,·
777 3099 838 3148 aber
856 3098 901 3147 das
918 3114 1006 3148 waren
1033 3099 1081 3148 alle
1100 3100 1204 3162 Krims·

169 3167 192 3216 8.
210 3169 285 3213 uetus
303 3170 329 3213 et
350 3181 427 3231 caepa
450 3168 537 3217 simul.
574 3166 600 3216 S.
622 3164 640 3214 l.
694 3165 793 3222 sobiffe,
821 3164 870 3214 und
895 3166 952 3214 dass
976 3181 1024 3214 von
1043 3166 1142 3216 solcben
1163 3168 1203 3217 die

134 3234 175 3284 47.
196 3230 238 3281 lll.
248 3235 288 3285 47.
694 3232 763 3281 Rode
781 3232 815 3280 ist
832 3232 901 3292 zeigt
914 3233 954 3281 die
968 3247 1046 3293 ganza
1057 3232 1135 3283 Stelle
1154 3236 1203 3285 und

168 3301 191 3351 9.
217 3305 416 3365 ueteranorum,
447 3301 487 3351 die
517 3299 642 3351 entlassen
693 3299 748 3347 bier
766 3299 826 3347 noob
842 3298 1204 3352 dieWorteAetiacacicto-

133 3368 237 3417 werden
255 3371 371 3418 missten.
414 3367 516 3418 Hicrbei
535 3367 581 3417 und
602 3366 641 3415 bei
692 3366 736 3414 ria
756 3370 854 3429 captas.
1200 3400 1201 3405 ,

134 3435 181 3484 den
195 3437 375 3497 dusbebungen
395 3437 522 3498 (derrdm.
535 3434 641 3494 berger)
711 3480 714 3484 Α
728 3434 766 3483 19.
786 3432 913 3498 oppidum
923 3432 1114 3484 Foroiuliense.
1135 3436 1161 3485 S.
1172 3454 1202 3487 zu

133 3503 158 3552 in
174 3504 220 3552 deo
232 3503 370 3554 Provinzen
388 3502 473 3552 wollte
492 3516 520 3550 er
528 3515 640 3561 zugegen
670 3558 673 3564 Ι
692 3497 723 3548 ll.
739 3501 780 3551 63.

133 3570 194 3629 sein,
216 3572 293 3622 damit
311 3573 383 3621 keinc
399 3568 513 3617 lluruben
532 3569 642 3616 entstaiu-
728 3569 768 3618 22.
787 3574 845 3618 octo
865 3569 987 3631 legiones.
1025 3570 1051 3619 S.
1071 3587 1102 3619 zu
1122 3570 1139 3619 l.
1157 3575 1198 3622 31.

133 3639 189 3695 den,
210 3639 292 3689 indam
310 3639 350 3687 die
367 3633 548 3695 nusbelungen
567 3633 642 3695 listig
695 3677 698 3682 .
726 3651 817 3685 recens
842 3637 1023 3700 perdomitae,
1056 3638 1132 3687 durch
1161 3639 1200 3689 die

132 3721 219 3756 waren
240 3707 288 3757 und
307 3705 347 3754 die
368 3701 509 3750 Veterancn
530 3701 576 3751 mit
593 3702 640 3750 den
692 3701 785 3764 Kriege
803 3703 848 3752 mit
865 3704 1031 3753 dendsturen
1050 3707 1097 3754 und
1110 3705 1202 3756 Canta·

132 3773 306 3834 Belobnungen
339 3769 401 3817 oder
432 3768 477 3816 der
502 3767 567 3818 Zabi·
595 3769 641 3819 der
691 3769 986 3827 breru,⁴26-l9v.Cb.
1014 3771 1198 3823 Liv.XXVlll.
1240 3769 1246 3777 ’

130 3836 360 3891 Verabscbiedeten
394 3835 557 3886 uuzulrieden
585 3837 639 3886 scin
694 3839 724 3888 12
742 3837 881 3902 (Hispania)
894 3841 985 3903 prima
996 3837 1122 3889 Romanis
1133 3843 1201 3889 inita

130 3909 249 3958 konnten.
288 3903 314 3952 S.
336 3902 353 3952 l.
366 3905 406 3954 36.
420 3904 461 3953 te.
690 3907 903 3969 provinciarum,
931 3921 999 3970 quae
1016 3907 1121 3971 quidem
1140 3922 1200 3957 con-
