2550 4350
116 312 220 376 198.
497 318 656 372 connnnn
673 317 784 370 racrvr
892 282 897 286 ’
1043 321 1113 383 (ιι.
1132 327 1179 370 so

113 500 179 553 nus,
202 477 360 539 occasione
383 476 607 548 coniurationis,
642 475 693 535 sed
715 472 825 535 Neroni
849 471 961 532 invisus
986 474 1071 551 quod
1096 475 1179 555 Pop·
1208 536 1211 541 ,

113 583 217 644 paearn
241 561 387 642 quondam
411 561 599 621 matrimonio
621 568 765 620 tenuerat.
798 557 968 634 Verginium
992 558 1131 638 Fleuum
1153 572 1182 623 et

114 651 286 711 Musonium
307 647 412 706 Rulum
444 646 588 706 claritudo
611 644 741 704 nominis
764 642 890 721 expulit:
922 661 990 702 nam
1016 642 1178 722 Verginius

115 735 211 797 studia
239 733 375 793 iuvenum
403 731 588 809 eloquentia,
623 729 776 790 Musonius
804 728 974 807 praeceptis
1003 729 1176 807 sapientiae

104 821 240 881 iovebat.
285 815 457 877 Cluvidieno
481 816 598 888 Quieto,
627 814 701 875 lulio
724 813 881 891 Agrippae,
904 812 995 872 Blitio
1021 814 1196 888 Catulinus

113 904 254 967 Petronio
277 901 390 972 Prisco,
419 900 495 961 lulio
518 899 625 970 Altino,
655 899 742 960 velud
771 899 801 958 in
825 914 929 973 agmen
953 907 983 957 et
1005 917 1172 972 numerum,

113 988 220 1067 Aegaei
243 986 333 1048 maris
356 986 469 1046 insulae
485 985 706 1064 permittuntur.
728 986 762 1043 ΑΙ
780 981 908 1054 Cadicia,
932 1000 1008 1043 uxor
1024 985 1171 1060 Scaevini,

113 1084 144 1135 et
167 1072 348 1135 Caesennius
381 1071 522 1131 Maximus
554 1069 638 1130 ltalia
671 1068 876 1147 prohibentur,
908 1085 977 1127 reos
1012 1068 1114 1130 luisse
1146 1089 1177 1131 ss

116 1167 228 1220 tantum
250 1175 345 1235 poena
369 1156 491 1233 experti.
513 1154 617 1223 Acilia,
640 1163 734 1214 mater
754 1151 867 1212 Annaei
882 1151 1008 1224 Lucani,
1033 1155 1103 1215 sine
1126 1155 1176 1216 ab·

116 1243 274 1311 solutione,
297 1240 362 1299 sine
384 1239 531 1316 supplicio
554 1238 749 1298 dissimulata.
1185 1249 1207 1300 ro

65 1330 104 1392 72
200 1325 312 1396 Quibus
335 1322 513 1400 perpetratis
535 1323 613 1381 Nero
637 1330 666 1381 et
688 1321 826 1380 contione
842 1319 968 1380 militurn
985 1320 1091 1382 habita
1108 1323 1177 1386 bina

109 1426 265 1473 nummum
299 1406 378 1466 milia
400 1405 508 1465 viritim
531 1405 765 1483 manipularibus
788 1404 889 1465 divisit
911 1405 1090 1485 addiditque
1115 1411 1179 1471 sine
1227 1424 1229 1428 ·

113 1486 210 1572 pretio
247 1488 437 1562 frumentum,
470 1509 527 1568 quc
560 1501 627 1550 ante
660 1509 697 1550 ex
724 1490 813 1549 modo
841 1508 985 1550 annonae
1001 1491 1176 1557 utebantur.

9 1602 13 1613 ¹
114 1577 200 1650 Tum,
223 1575 308 1656 quasi
331 1583 411 1653 gesta
435 1576 512 1645 bello
536 1575 734 1654 expositurus,
757 1581 843 1634 vocat
864 1583 999 1635 senatum
1026 1584 1057 1637 et
1071 1579 1176 1640 trium·

29 1668 44 1685 '¹
114 1662 203 1743 phale
231 1662 322 1723 decus
344 1661 485 1722 Petronio
509 1661 683 1740 Turpiliano
706 1659 865 1741 consulari,
896 1659 1024 1719 Cocceio
1049 1662 1172 1736 Nervae,
1183 1673 1208 1723 15

113 1748 243 1828 praetori
266 1746 430 1825 designato,
453 1747 609 1822 Tigellino,
633 1746 784 1824 praelecto
806 1744 959 1823 praetorii,
982 1745 1102 1818 tribuit,
1127 1749 1176 1809 Ti·

115 1833 256 1912 gellinum
285 1842 315 1893 et
341 1832 465 1892 Nervam
495 1831 536 1891 ita
565 1832 719 1903 extollens,
748 1837 779 1890 ut
808 1847 898 1906 super
921 1829 1123 1908 triumphales
1147 1835 1176 1894 in

114 1920 180 1980 loro
204 1917 355 1994 imagines
370 1917 447 1994 apud
469 1915 613 1976 Palatium
637 1933 754 1994 quoque
776 1913 890 1989 efligies
913 1922 1016 1974 eorum
1043 1917 1176 1979 sisteret.

116 2001 288 2065 Consularia
316 2001 444 2078 insignia
465 2000 643 2078 Nymphidio
772 1998 840 2077 quia
863 2016 942 2058 nvrnc
963 1999 1097 2077 primum
1122 2004 1174 2064 ob-

114 2087 190 2148 latus
213 2096 265 2157 est,
290 2105 384 2164 pauca
406 2093 553 2162 repetam:
578 2094 696 2166 namet
717 2085 783 2162 ipse
805 2101 875 2161 pars
890 2082 1096 2147 Romanarum
1114 2088 1209 2149 cla-tt

115 2172 194 2233 dium
218 2171 284 2231 erit.
307 2170 399 2248 Igitur
420 2176 513 2230 matre
535 2169 674 2228 libertina
697 2178 787 2239 ortus,
812 2186 886 2245 quae
902 2187 1012 2247 corpus
1030 2172 1175 2235 decorum

115 2257 193 2316 inter
214 2273 315 2315 servos
337 2255 521 2333 libertosque
542 2253 711 2332 principum
733 2252 911 2328 vulgaverat,
934 2272 969 2313 ex
993 2252 1025 2313 C.
1044 2257 1172 2318 Caesare

115 2359 148 2400 se
176 2339 307 2415 genitum
336 2338 458 2409 serebat,
487 2337 626 2414 quoniam
649 2338 725 2396 lorte
748 2337 874 2415 quadam
896 2338 1000 2398 babitu
1023 2359 1170 2418 procerus

115 2433 144 2483 et
170 2430 252 2482 torvo
281 2422 361 2481 vultu
391 2429 462 2493 erat,
491 2420 552 2480 sive
575 2421 607 2481 C.
630 2422 747 2495 Caesar,
780 2429 946 2483 scortorum
975 2442 1097 2504 quoque
1118 2438 1168 2488 cut

64 2511 102 2574 73
114 2502 210 2588 piene,
234 2505 322 2566 etiarn
344 2505 430 2566 matri
453 2506 517 2567 eius
533 2505 637 2571 illusit.
660 2507 718 2570 Sed
733 2507 811 2568 Nero
829 2509 946 2583 [vocato
962 2515 1086 2588 senatu]
1103 2520 1209 2585 ora-25

114 2593 195 2656 tione
223 2591 301 2652 inter
328 2600 429 2672 patres
456 2590 556 2653 habita
586 2592 717 2655 edictum
744 2593 821 2673 apud
843 2592 987 2671 populum
1005 2585 1041 2654 'et
1063 2596 1173 2660 collata

145 2745 168 2795 2.
190 2742 334 2808 Verginius
350 2742 448 2793 Flauus
466 2757 521 2793 war
548 2742 612 2794 Leh-
699 2745 736 2795 19.
756 2741 936 2809 Nymphidius
949 2739 1067 2794 Sabinus
1084 2748 1177 2799 warde

109 2826 153 2863 rer
177 2812 221 2861 des
238 2810 339 2861 Persius
367 2812 420 2874 (vit.
441 2809 540 2874 Persii).
577 2812 613 2863 Er
659 2810 813 2877 praefectus
829 2813 965 2876 praetorio
992 2826 1022 2860 an
1044 2813 1089 2862 des
1106 2815 1177 2867 Fue·

111 2880 209 2930 sehrieb
227 2879 427 2949 ein00Rhetorik,
456 2880 502 2939 die
539 2879 613 2932 niati·
663 2881 724 2928 nius
740 2877 826 2939 Ilulus
844 2877 933 2934 Stelle;
966 2893 995 2929 er
1012 2880 1121 2933 verlis'ss
1140 2886 1174 2936 68

110 2947 161 2998 lian
179 2947 281 2998 benutzt
297 2947 339 2996 hat
357 2946 409 3008 (ΙΙΙ.
427 2946 520 3025 ᾗῇ
546 2948 608 3006 ΙΙ.4,
664 2962 688 2996 n.
710 2945 754 2996 Cb.
775 2945 842 2996 Nero
867 2947 916 2995 und
935 2946 1025 2997 werde
1046 2950 1110 2999 daun
1128 2949 1172 3001 bei

111 3017 144 3066 40
163 3031 186 3063 ιι.
207 3014 291 3074 diter).
329 3014 411 3067 Ueher
427 3010 565 3093 mins
581 3032 613 3065 zu
661 3014 743 3065 einevn
752 3013 865 3063 Versucla
883 3014 934 3063 sich
953 3014 1100 3068 selbstzunr
1111 3017 1175 3070 Kai-

110 3081 181 3133 xlv.
202 3082 242 3132 59.
663 3097 706 3131 ser
729 3098 760 3130 zu
783 3083 885 3130 machon
909 3098 956 3131 von
982 3083 1029 3134 den
1050 3085 1174 3138 Soldateu

145 3151 169 3200 Ι.
191 3146 305 3199 Codicis.
339 3145 612 3213 VielleiclrtCocdiciu.
666 3148 1010 3210 getddtct.Plut.Galb.8.
1034 3154 1074 3204 13.
1113 3154 1174 3219 vgr.

113 3215 270 3266 Caesennius
299 3216 432 3268 Mauimus
465 3216 542 3264 heisst
570 3213 612 3265 lvci
664 3216 693 3265 ΙΙ.
715 3215 733 3264 Ι.
755 3218 779 3266 5.
801 3218 841 3268 25.
863 3219 903 3268 st.
924 3217 950 3267 ln
969 3218 1016 3268 der
1033 3219 1121 3272 Lvicke
1141 3224 1176 3275 ist

110 3283 213 3336 Martial
229 3284 283 3336 Vll.
295 3290 328 3338 44
340 3284 485 3345 Caesonius,
503 3280 614 3331 welches
664 3283 790 3333 vielleicht
807 3285 869 3334 auclr
888 3285 1050 3338 dasVerbum
1067 3306 1100 3340 zu
1112 3307 1176 3342 con-

107 3354 169 3404 dort
186 3369 209 3403 u.
230 3356 262 3406 45
280 3355 347 3415 zeigt
364 3353 421 3402 dass
438 3365 468 3400 or
491 3348 614 3401 Consular
662 3351 765 3401 eulesio
788 3354 906 3418 insignia
935 3354 1107 3417 ausgclallea,
1142 3361 1176 3412 da

112 3423 161 3472 und
178 3423 277 3472 Trenod
295 3422 402 3471 Senecas
419 3431 482 3485 war.
663 3418 703 3469 die
727 3419 890 3485 Verbindung
918 3423 963 3472 mit
989 3426 1087 3475 imbuit
1110 3429 1176 3478 naclt

145 3485 195 3545 72.
217 3493 257 3542 13.
276 3503 310 3536 eu
326 3484 403 3534 modo
420 3501 549 3537 annonae.
569 3486 611 3538 sie
662 3487 717 3538 dent
736 3489 893 3540 dazwischen
913 3489 1053 3541 Stehenden
1074 3495 1175 3562 schlep-

84 3572 86 3576 ·
111 3555 242 3608 bezahlten
270 3553 341 3602 einen
369 3553 430 3602 nach
454 3552 611 3606 Verhiltniss
661 3558 818 3623 pendwdre;
841 3559 1176 3626 lerncrseiacErnennung

112 3626 158 3676 der
169 3620 370 3687 Getroidepreisc
387 3622 559 3672 wcchselndeo
570 3639 612 3685 gc·
661 3641 716 3675 zum
731 3626 1034 3692 praefectusproetcrio.
1053 3627 1176 3681 Dasl'ol-

109 3695 212 3759 ringern
228 3689 307 3748 Prcis‚
337 3689 382 3741 der
405 3689 478 3739 ihncn
502 3707 549 3740 von
566 3691 611 3742 der
661 3694 740 3756 gende
759 3695 817 3756 geht
834 3693 955 3744 ebeol'alls
974 3695 1020 3743 auf
1035 3695 1086 3745 ibn.

111 3761 231 3821 Libouog
247 3758 389 3822 abgezogen
407 3758 501 3808 wurdc.
695 3763 735 3812 22.
758 3761 782 3810 0.
803 3760 920 3824 Caesare,
939 3761 1061 3824 Caligula.

148 3833 185 3881 15.
204 3827 327 3878 Petronio
348 3825 511 3893 Turpiliano.
534 3826 559 3876 S.
580 3844 611 3877 zu
694 3823 744 3884 73.
765 3831 806 3879 25.
824 3834 916 3879 vocato
934 3834 1028 3879 senatu
1039 3829 1074 3879 ist
1084 3831 1173 3884 Rand-

109 3896 178 3951 XlV.
198 3897 238 3948 29.
270 3893 391 3945 Cocceius
407 3893 497 3947 Nerva
516 3894 549 3946 ist
566 3895 612 3946 der
660 3894 819 3957 bomerlrung.
846 3896 892 3947 Die
911 3898 1038 3959 Berufuog
1055 3898 1102 3951 des
1122 3901 1172 3952 Se·

109 3966 208 4029 spicere
224 3960 324 4019 Kaiser.
345 3993 347 3996 >
487 4012 489 4017 ,
661 3971 718 4015 nats
735 3963 769 4015 ist
785 3964 861 4017 seton
878 3979 898 4015 o.
920 3967 952 4018 ta
969 3965 1101 4018 bcrichtct.
