2550 4350
111 358 113 362 ,
171 316 213 379 98
559 314 880 380 coniunctionem
971 315 1010 340 ‘-
1117 319 1244 385 (susm

153 489 336 555 commeatus
366 486 487 536 nostros
510 471 646 534 Pontico
670 470 743 531 mari
779 477 809 530 et
828 470 1016 550 Trapezunte
1043 471 1162 550 oppido
1188 474 1243 534 ad·-

117 606 118 610 =
149 546 305 625 rectiores
328 560 537 639 interciperet,
566 575 698 638 propere
724 554 862 615 discedit.
923 555 981 615 Sed
1017 574 1117 634 neque
1155 577 1236 621 com·

151 646 298 709 meatibus
323 645 381 704 vim
404 645 502 705 lacere
519 641 625 721 potuit,
649 641 717 719 quia
731 658 784 717 per
808 647 925 699 montes
941 639 1131 701 ducebantur
1147 662 1236 722 prae·
1263 702 1267 709 ,

152 730 239 791 sidiis
278 728 390 789 nostris
427 727 581 797 insessos,
619 735 648 785 et
685 723 831 795 Corbulo,
878 741 915 783 ne
955 723 1072 783 irritum
1121 727 1248 806 bellum,

150 815 320 875 traheretur
343 820 433 891 utque
455 810 614 872 Armenios
643 809 679 869 ad
704 827 757 868 sua
781 807 976 868 defendenda
1007 820 1152 884 cogeret,
1186 822 1259 874 ern-t

150 898 273 959 cindere
295 905 382 975 parat
411 892 718 971 cadelim-sibique,
758 893 837 970 quod
878 892 1097 953 validissimum
1133 897 1166 956 in
1202 916 1235 959 ea

152 982 355 1060 praefectura,
380 987 578 1056 cognomento
604 977 785 1049 Volandum,
814 975 920 1047 sumit,
945 976 1059 1037 minora
1087 979 1232 1044 Cornelio

152 1067 261 1127 Flacco
284 1065 381 1143 legato
405 1075 435 1125 et
458 1065 569 1124 Insteio
586 1059 739 1139 Capitoni,
764 1069 930 1121 castrorum
954 1062 1118 1138 praelecto,
1145 1084 1230 1127 man-

156 1150 215 1211 dat.
261 1149 338 1210 Tum
361 1149 586 1227 circumspectis
611 1144 820 1215 munimentis,
860 1156 889 1204 et
918 1164 992 1223 quae
1016 1151 1233 1224 expugnationi

73 1282 76 1288 1
156 1233 265 1294 idonea
289 1234 428 1312 provisis,
452 1232 587 1293 bortatur
609 1231 720 1291 milites
737 1233 769 1288 ut
787 1229 904 1289 hostem
920 1247 1024 1305 vagum
1042 1248 1143 1310 neque
1161 1235 1229 1313 paci
1242 1246 1266 1296 n

155 1326 207 1378 aut
229 1317 343 1395 proelio
372 1329 524 1396 paratum,
554 1316 605 1376 sed
637 1313 792 1393 perfidiam
814 1320 846 1372 et
868 1312 1015 1387 ignaviam
1041 1316 1232 1391 luga'conli·

155 1408 267 1462 tentem
291 1409 450 1462 exsuerent
472 1395 789 1476 sedibus'gtortaeque
813 1397 925 1474 pariter
948 1407 978 1457 et
1000 1401 1131 1477 praedae
1157 1421 1231 1464 con·

156 1487 299 1546 solerent.
358 1485 432 1544 Turn
464 1484 681 1562 quadripertito
709 1481 856 1552 exercitu,
892 1481 948 1542 hos
978 1481 1009 1541 iu
1043 1486 1228 1549 testudinem
1269 1506 1272 1511 ·

156 1568 352 1646 conglobatos
374 1569 547 1628 'subruendo
570 1568 646 1629 vallo
669 1565 800 1638 inducit,
834 1565 908 1626 alios
938 1566 1035 1627 scalas
1068 1572 1232 1634 moenibus

156 1652 330 1724 admovere,
361 1653 471 1713 multos
494 1653 651 1714 tormentis
676 1654 757 1712 laces
787 1657 816 1712 et
839 1650 941 1709 hastas
965 1652 1099 1713 incutere
1126 1654 1266 1717 inbetttt

158 1735 351 1798 libratoribns
385 1737 648 1816 funditoribusque
680 1732 958 1803 attributus'l‘ocus
992 1736 1071 1797 unde
1112 1741 1232 1802 enricus

57 1869 61 1876 .
158 1819 280 1898 glandes
305 1829 487 1901 torquerent,
512 1842 548 1882 ne
572 1841 628 1901 qua
654 1839 723 1900 pars
746 1818 914 1881 subsidium
937 1818 1145 1883 laborantibus
1171 1827 1230 1905 ler-

156 1915 204 1965 ret
225 1905 290 1983 pari
313 1908 446 1985 undique
469 1915 561 1966 motu.
607 1905 720 1965 Tantus
744 1903 813 1963 inde
836 1903 926 1962 ardor
950 1906 1094 1966 certantis
1113 1910 1256 1994 exeret-¹.

45 2014 49 2021 ’
155 1996 203 2050 tus
227 1989 284 2050 luit
304 2001 338 2050 ut
360 1991 436 2051 intra
460 1991 577 2051 tertiam
602 1989 662 2047 diei
686 1998 800 2065 partem
823 1986 930 2046 nudati·
950 1993 1229 2067 propugnatoribus

142 2063 251 2145 muri,
282 2075 383 2135 obices
407 2083 559 2152 portarum
590 2071 742 2140 subversi,
777 2078 865 2147 capta
889 2090 1016 2135 escensu
1039 2075 1264 2139 munimentum

157 2175 323 2235 omnesque
345 2157 474 2236 puberes
499 2155 637 2216 trucidati
662 2147 737 2221 sint,
769 2154 851 2214 nullo
876 2155 970 2215 milite
995 2159 1124 2232 amisso,
1154 2181 1229 2240 pau-

158 2242 202 2300 cis
225 2242 385 2301 admodum
408 2239 579 2299 rulneratis.
634 2239 670 2299 Et
699 2237 810 2309 inbelle
836 2240 939 2317 vulgus
963 2242 1018 2301 snb
1043 2261 1158 2305 corona
1182 2266 1230 2308 vo-

156 2323 338 2395 nnndatum3
373 2323 487 2401 reliqua
516 2324 626 2402 praeda
656 2323 819 2384 victoribus
855 2324 957 2385 cessit.
1015 2327 1084 2387 Pari
1109 2329 1230 2413 fortuna

156 2405 272 2482 lagatus
295 2425 330 2466 ac
351 2408 521 2484 praelectus
542 2408 590 2490 psi
625 2418 709 2479 sunt,
747 2408 903 2487 tribusque
933 2427 990 2470 una
1021 2411 1070 2470 die
1095 2416 1229 2476 castellis

155 2486 333 2566 ‘expugnatis
356 2499 454 2552 cetera
478 2503 593 2553 terrore
624 2495 655 2553 et'
682 2492 740 2552 alia
764 2502 870 2573 sponte
894 2494 1062 2555 incolarum
1086 2497 1118 2557 in
1142 2498 1261 2561 dedi-tt

156 2571 270 2633 tionem
303 2576 471 2638 veniebant.
527 2577 611 2639 Unde
635 2586 698 2639 orta
722 2578 831 2639 fiducia
855 2587 945 2656 capm
967 2579 1064 2655 gentis
1087 2585 1228 2646 Artaxata

156 2657 359 2734 egrediendi.
415 2661 478 2722 Nec
511 2672 610 2724 tamen
641 2663 776 2741 proximo
806 2661 914 2723 itinere
943 2663 1050 2724 ductae
1079 2664 1227 2744 legiones,

157 2743 281 2820 quaesi
306 2764 423 2806 amnem
447 2752 579 2820 Araxen,
613 2750 663 2825 qui
687 2749 805 2807 moenia
830 2747 928 2818 alluit,
958 2756 1051 2825 ponte
1073 2757 1227 2830 transgre-

159 2827 315 2902 derentur,
354 2831 409 2891 sub
445 2833 534 2893 ictum
569 2830 730 2913 dabantur:
769 2831 873 2913 procul
903 2839 933 2892 et
959 2832 1120 2895 latioribus
1144 2838 1228 2899 vadis

104 2912 146 2975 40
160 2914 316 2976 transiere
360 2919 394 2976 At
419 2915 570 2975 Tiridates
594 2915 709 2992 pudore
732 2921 762 2974 et
784 2927 893 2985 metu,
909 2934 946 2975 nc
969 2917 995 2975 si
1020 2921 1260 2984 concessissem

29 3013 32 3017 ·
108 3038 110 3043 ·
145 2996 324 3068 obsidioni,
349 2998 424 3058 nibil
448 2999 514 3074 opis
539 3000 567 3058 in
591 2999 658 3074 ipso
681 2998 848 3068 videretur,
876 2999 900 3058 si
925 3000 1116 3077 prohiberet,
1142 3006 1229 3084 inpe-

155 3080 228 3141 ditis
249 3081 325 3141 locis
348 3098 441 3158 seque
465 3089 495 3140 et
517 3092 673 3158 equestres
696 3083 799 3161 copias
815 3082 954 3159 illigaret,
977 3086 1083 3146 statuit
1105 3102 1227 3166 postro-

81 3265 89 3277 '
185 3252 239 3313 39.
266 3260 410 3310 LPonts'oo
427 3264 499 3310 mori
516 3268 542 3312 sl
552 3261 660 3330 Trapez.
748 3263 788 3314 20.
810 3256 895 3316 abacos
912 3268 968 3316 sind
986 3268 1041 3316 brer
1065 3271 1135 3320 nrclrt
1162 3272 1229 3322 ‘Rie-

151 3339 213 3389 opp.
237 3327 355 3376 ‘anldetn
369 3327 662 3382 PontiscbenMccrund'
714 3329 768 3392 gcl',
790 3334 913 3393 sondern,
942 3334 992 3384 wie
1010 3336 1132 3386 subversi
1144 3340 1224 3403 ,zeigt

145 3391 237 3462 ytdann)
259 3402 315 3446 ‘von
334 3396 379 3445 der
398 3395 473 3448 Stadt
489 3397 575 3466 Trap’
594 3400 661 3451 S.zu
717 3398 977 3464 ‘Verraruntelungen'.

145 3457 171 3509 l.
192 3462 234 3512 60.
748 3469 789 3519 23.
806 3471 950 3520 victoribus
969 3472 1060 3520 cessit.-
1079 3475 1171 3525 wurde
1184 3490 1226 3524 un·

184 3530 209 3579 t.
231 3536 413 3595 cognomento,
431 3533 481 3584 wie
500 3533 518 3583 l.
540 3537 581 3588 31.
713 3541 753 3584 ter
776 3536 820 3585 das
846 3537 913 3587 lleer
938 3537 1068 3594 uertbeilt,
1102 3543 1227 3593 ivaibrcnd

185 3596 208 3647 8.
220 3598 318 3661 =lcgoto
336 3599 449 3661 legionis.
487 3602 513 3652 S.
533 3620 564 3653 zu
583 3603 601 3651 l.
617 3605 657 3654 44.
713 3602 759 3652 der
776 3603 851 3655 llrlds
870 3605 911 3654 sur
929 3606 969 3655 die
986 3604 1150 3668 Gelangencn
1171 3611 1227 3661 dem

151 3659 183 3711 ll.
193 3664 233 3715 36.
255 3665 369 3716 Insteius
382 3667 474 3733 Cupito
494 3669 527 3719 ist
545 3670 660 3720 dersclbe
713 3669 786 3720 Staat
803 3670 925 3721 verlrlielr.
1253 3728 1255 3735 ,

151 3729 198 3780 der
207 3747 228 3780 c.
239 3735 254 3784 9
273 3732 310 3783 als
320 3740 440 3786 centurio
450 3739 565 3786 curvabat
578 3737 657 3787 wird:
745 3739 785 3787 25.
797 3744 883 3787 cetero
902 3744 1009 3790 temore
1022 3746 1048 3790 ct
1056 3741 1113 3792 alia
1124 3760 1149 3793 u.
1160 3762 1182 3796 s.
1192 3760 1224 3798 w.

150 3802 657 3864 erwarseitrlernovuncirt.Vgl.l.20.
711 3803 737 3854 S.
758 3803 825 3852 znl.
850 3808 889 3856 tt.
926 3866 934 3874 g
1130 3847 1138 3865 ,

187 3869 226 3916 10.
237 3868 410 3918 libratortlcs
417 3869 658 3936 funditoribusque.
744 3865 795 3925 40.
825 3873 866 3922 30.
893 3877 1061 3924 concessisset
1088 3879 1227 3933 obsidioni

151 3930 178 3980 S.
199 3947 230 3982 zu
247 3933 278 3983 ll.
300 3937 340 3985 20.
389 3947 392 3953 ·
714 3938 1226 4013 {vorderlielagcrungzurdckgewi'cben
