2550 4350
1093 263 1155 325 223

65 466 68 472 -
97 436 182 507 patre
204 426 361 488 Demarato
386 410 550 496 Colrinthio
580 433 666 486 natus
689 433 753 486 erat
775 436 805 486 et
826 423 1044 504 Tarquiniensi.
1060 435 1155 488 matre

53 505 56 514 '
100 530 244 590 generosa
273 511 324 572 sed
354 509 511 590 inopisut
541 529 616 589 quae
644 510 696 571 tali
725 510 832 571 marito
862 529 985 572 necesse
1018 511 1157 573 habuerit

60 595 304 666 tosuccumbere,
334 615 400 656 cum
432 595 511 656 domi
542 591 746 674 relpeiieretur
776 615 791 656 a
816 595 953 674 gerendis
981 596 1156 671 honoribus,

96 690 254 761 postquam
277 681 399 741 Romam
422 679 722 757 migravitlregnum
746 681 869 758 adeptus
894 688 948 740 est.
984 681 1060 741 Huic
1084 699 1156 758 quo-

99 785 155 844 que
185 775 214 826 et
241 766 302 826 filio
332 764 470 842 nepotive
498 765 561 824 eius
592 767 671 837 (nam
695 763 812 842 etlhoc
834 764 913 827 inter
935 773 1071 826 auctores
1095 765 1157 825 dis-

99 859 212 929 crepat)
228 851 356 910 insertus
374 849 496 910 Servius
510 848 635 921 Tullius,
659 848 685 930 si
702 859 821 909 nostros
832 847 1016 928 isequimur,
1041 849 1157 928 captiva

98 943 186 996 natus
210 934 351 1005 Ocresia3
381 933 407 994 si
430 934 555 1003 Tuscos,
586 933 667 994 Caeli
690 935 840 1012 quondam
862 934 1020 1006 Vilvennae
1043 934 1157 994 sodalis

55 1019 292 1080 2ufidelissimus
315 1017 473 1096 omnisque
496 1017 560 1077 eius
582 1036 670 1079 casus
687 1037 798 1091 comes,
820 1010 1078 1098 uosthuamvaria
1097 1021 1157 1078 tor-

98 1113 167 1165 tuna
191 1114 309 1164 exactus
332 1121 398 1163 cum
421 1101 560 1163 omnibus
575 1102 699 1182 reliquis
716 1102 867 1180 Caelianis
878 1103 1023 1164 exercitus
1037 1103 1158 1165 Etruria

99 1188 242 1258 excessit,
271 1195 401 1248 montem
424 1186 561 1248 Caelium
584 1188 740 1266 occupavit
766 1198 797 1250 et
824 1207 840 1248 a
871 1189 944 1249 duce
968 1188 1045 1267 suo!
1054 1189 1157 1249 Caelio
1252 1253 1254 1258 ,

100 1274 141 1332 ita
170 1271 354 1351 appellitavit
380 1280 553 1350 mutatoque
581 1273 702 1333 nomine
726 1274 804 1347 (nam
828 1274 926 1334 Tusce
948 1270 1157 1344 Mastarnalei

97 1375 206 1417 nomen
237 1363 310 1433 erat)
340 1356 381 1416 ita
412 1356 578 1435 appellatus
607 1367 661 1430 eat,
691 1367 723 1418 ut
744 1357 814 1428 diri,
844 1367 874 1418 et
894 1376 1019 1436 regnum
1042 1376 1156 1420 summa

98 1459 163 1502 cum
187 1439 292 1520 reilp.
315 1441 442 1502 utilitate
465 1440 604 1519 optinuit.
626 1442 740 1503 Deinde
762 1450 920 1521 postquam
944 1443 1087 1522 Tarquini
1100 1444 1157 1505 Su-

56 1524 182 1606 25perbi
213 1545 312 1587 mores
339 1525 439 1599 inivisi
462 1525 572 1585 civitati
591 1536 715 1597 nostrae
738 1544 805 1586 esse
828 1538 1000 1605 coeperunt,
1031 1547 1087 1607 qua
1111 1528 1157 1606 ip-
1264 1588 1269 1599 ,

99 1612 161 1672 sius
190 1629 246 1689 qua
276 1608 406 1670 filiorum
429 1605 641 1686 eius‚lnempe
664 1617 833 1686 pertaesum
857 1618 903 1670 est
924 1621 1039 1671 mentes
1062 1612 1157 1687 regni,

97 1694 177 1756 etad
195 1694 345 1768 consules,
362 1711 477 1754 annuos
492 1691 703 1770 magisttratus
720 1692 937 1755 administratio
954 1695 998 1755 rei
1013 1714 1044 1773 p.
1061 1707 1159 1755 trans-

97 1779 154 1841 lata
177 1777 250 1858 esti

186 1864 263 1937 Quid
292 1881 371 1924 nunc
399 1879 629 1923 commemorem
652 1860 816 1923 dictaturae
838 1861 896 1922 hoc
918 1861 984 1941 ipso
1008 1863 1159 1924 consulari

101 1950 268 2027 impeirium
291 1947 437 2009 valentius
458 1955 608 2026 repertum
632 1948 709 2025 apud
732 1945 861 2008 maiores
884 1956 1012 2018 nostros,
1045 1966 1103 2026 quo
1127 1947 1157 2007 in

57 2031 312 2112 30asiperioribus
334 2033 421 2093 hellis
444 2042 493 2093 aut
516 2031 546 2091 in
569 2031 648 2092 civili
672 2040 754 2092 motu
776 2030 945 2092 difficiliore
965 2029 1158 2108 uterentur&

100 2126 150 2178 aut
172 2117 202 2177 in
226 2118 365 2178 auxilium
387 2117 484 2197 plebis
507 2126 623 2177 creatos
646 2116 782 2177 tribunos
803 2113 926 2195 plebei?
950 2116 1027 2189 Quid
1051 2135 1157 2185 acon·
1186 2164 1188 2169 .

101 2202 225 2276 sudibus
254 2204 290 2262 ad
319 2203 502 2273 decemviros
531 2202 705 2262 translatum
726 2201 893 2280 imperium,
923 2201 1082 2281 solutoque
1104 2221 1160 2279 po·

101 2287 384 2359 steatdecemvirali
408 2305 499 2365 regno
523 2287 559 2348 ad
583 2287 721 2349 consules
744 2305 832 2348 rusus
847 2285 999 2348 reditum?
1024 2287 1101 2371 Quid
1119 2287 1158 2347 ‘un
1209 2308 1212 2315 ·
1261 2302 1264 2307 ·

100 2369 205 2451 piulris
228 2372 418 2433 distributum
441 2371 597 2432 consulare
622 2371 779 2450 imperium
802 2370 999 2451 tribunosque
1020 2370 1160 2450 militum!

60 2467 93 2516 35
106 2456 254 2516 consulari
278 2455 404 2533 imperio
428 2455 603 2533 appellatos,
626 2457 676 2534 qui
699 2458 763 2517 seni
787 2467 816 2519 et
838 2475 928 2536 saepe
951 2457 1052 2519 octoni
1075 2476 1158 2518 crea·

100 2535 234 2617 renitor?
279 2539 357 2611 Quid
386 2538 620 2599 communicatos
647 2549 799 2618 postremo
829 2560 896 2602 cum
913 2540 1005 2667 glebo
1028 2543 1159 2601 honores

100 2641 160 2684 non
183 2619 430 2702 imperiilsolum
453 2623 505 2682 sed
528 2622 764 2684 sacerdotiorum
788 2643 924 2703 quoque.
957 2626 1017 2685 lam
1040 2625 1067 2685 si
1090 2643 1158 2685 nar-

100 2728 162 2769 rem
194 2706 282 2779 heila,
311 2725 327 2766 a
351 2704 645 2785 quibuslcoeperint
667 2707 796 2768 maiores
818 2709 924 2778 nostri,
955 2718 984 2769 et
1007 2728 1065 2788 quo
1088 2728 1159 2788 pro·

101 2793 291 2866 cesserimus,
314 2811 420 2853 vereor
441 2810 478 2852 ne
501 2789 593 2852 nimio
604 2789 615 2870 l
626 2791 803 2852 insolentior
824 2810 891 2853 esse
907 2791 1007 2853 videar
1022 2804 1052 2854 et
1067 2813 1159 2872 quae-

96 2962 245 3026 ehenbdrtig
267 2962 350 3024 gulten
377 2961 402 3011 in
426 2961 473 3011 den
498 2960 601 3012 Stuaten
653 2956 711 3006 Piso
736 2957 777 3007 Trir
801 2958 888 3008 desscn
908 2957 987 3008 Eukel
1004 2975 1094 3021 wegen
1113 2959 1159 3009 dcr

97 3031 140 3081 des
159 3032 311 3082 Altertdurns
329 3046 377 3081 nur
394 3030 442 3088 die,
465 3031 541 3079 deren
559 3026 603 3077 El·
651 3025 842 3088 Zeitrechnung.
871 3025 966 3093 Dionys
983 3027 1025 3079 lV.
1046 3031 1070 3080 7.

96 3106 151 3149 torn
168 3100 241 3151 beide
268 3100 323 3150 dem
340 3097 511 3150 betreffonden
529 3096 603 3148 Stant
688 3097 727 3146 li.
747 3098 861 3145 insertus
878 3095 912 3145 ist
928 3095 973 3145 das
984 3095 1092 3147 Verbum
1102 3096 1157 3146 iini-

97 3168 258 3226 angehdrten.
651 3171 715 3214 turn:
741 3164 805 3214 dazu
822 3168 903 3214 natus
920 3164 1072 3230 Apposition.
1110 3164 1156 3215 Die

133 3257 172 3306 13.
192 3259 274 3321 inopi„
304 3259 368 3308 ΒΜ
386 3260 440 3310 dies
456 3260 601 3327 Hypothese
650 3232 803 3282 etruscische
828 3231 894 3294 Sego
920 3232 954 3282 ist
977 3234 1041 3283 daun
1066 3234 1089 3283 in
1114 3233 1158 3282 ab·

98 3322 142 3371 des
153 3321 272 3372 Claudius
288 3322 323 3372 ist
339 3327 474 3377 machtder
484 3328 600 3390 folgende
650 3300 811 3350 w⁶i⁰¹¹⁹¹¹d⁰¹⁸
828 3299 970 3382 {³⁰⁶⁰qu
980 3303 1106 3364 indeffici-

98 3389 158 3440 sarz
175 3389 389 3439 ψῃὴηοιιθῑῃιῑθῃ,
687 3371 725 3420 18.
748 3368 862 3431 derecta,
881 3368 922 3417 ber
940 3367 1036 3435 Dionys
1053 3368 1094 3418 tv.
1107 3369 1157 3419 l.2

406 3482 412 3493 .
479 3483 485 3495 .
584 3486 589 3503 ,
652 3436 769 3500 derisio,
802 3451 847 3486 aus
877 3435 1059 3499 Corniculum,
1087 3435 1158 3485 einer

133 3486 172 3534 14'
196 3483 363 3532 ‘mmmm
384 3482 443 3532 ‘⁸¹0h
462 3483 598 3546 h¹⁰ss⁰b⁰¹¹·
649 3520 697 3553 rou
724 3503 875 3569 Tarquinius
898 3502 999 3553 Priscus
1024 3503 1157 3553 erobcrten

96 3552 183 3614 901111,
202 3566 233 3600 2¹¹
250 3549 389 3615 anquruu.
652 3570 725 3622 Stodc
743 3573 788 3622 der
805 3572 918 3622 Latiner.
938 3568 1020 3622 Ueber
1038 3572 1082 3622 dus
1100 3571 1157 3621 Fol-

133 3637 172 3686 16.
198 3651 260 3685 nam
284 3639 310 3684 et
326 3635 375 3684 doe
392 3636 463 3684 inter
480 3639 600 3684 auctores
651 3640 730 3699 gendo
749 3656 779 3690 zu
797 3640 839 3690 lV.
860 3642 901 3692 65.

96 3703 235 3768 diomepot.
270 3703 317 3753 Die
340 3702 389 3752 alte
415 3702 480 3763 Saga
502 3703 600 3753 machte
685 3708 726 3757 20.
746 3708 857 3772 reliquis
874 3708 915 3757 fuir
931 3707 1058 3774 reliquiis.

97 3772 143 3821 den
161 3769 312 3837 Tarquinius
326 3769 452 3837 Superbus
471 3769 600 3820 zumSoho
685 3774 725 3824 33.
746 3790 824 3824 merus
842 3775 884 3823 ieie
903 3789 1003 3825 rursus.

97 3840 141 3889 des
165 3838 315 3904 Tarquinius
339 3838 453 3889 Priscus:
480 3853 527 3887 von
553 3839 600 3889 den
684 3842 721 3889 im
739 3842 780 3891 Trir
797 3845 826 3890 in
849 3856 938 3903 weqen
962 3843 1012 3892 des*
1025 3843 1157 3906 folgenden

95 3907 163 3959 alten
181 3908 339 3985 Historikern
366 3906 477 3958 erklrirtc
495 3905 536 3956 ihn
554 3921 601 3958 nur
647 3923 675 3973 p.
693 3906 776 3958 Ucber
794 3906 1016 3959 dioCoustroction
1034 3927 1069 3960 zu
1083 3909 1106 3958 1.
1114 3915 1162 3960 sis.
