2550 4350
136 278 200 342 176
372 337 376 345 ,
534 283 810 338 conunnrmcrrr
1035 265 1217 350 'qaum

82 451 148 512 41Ἰ
221 445 258 504 At
284 443 397 503 Romae
423 459 484 503 non
513 441 653 502 Treviros
686 440 775 501 modo
806 448 836 500 et
861 440 995 521 Aeduos,
1032 440 1086 500 sed
1115 447 1203 518 quat-

115 539 204 594 tuor
232 536 262 588 et
292 526 442 605 sexaginta
466 525 624 586 Galliarum
652 525 785 586 ciuitates
808 523 987 597 descivisse,
1025 523 1201 603 adsumptos

134 615 166 676 in
195 613 365 674 societatem
389 610 567 683 Germanos,
597 608 701 670 dubias
724 608 897 687 Hispanias,
926 616 1046 678 cuncta,
1074 616 1108 668 ut
1137 627 1202 669 mos

133 700 239 769 lamae,
262 697 291 756 in
315 694 410 756 maius
433 693 552 755 credita.
591 693 738 772 Optumus
761 693 886 772 quisque
909 693 952 752 rei
974 690 1110 771 'publicae
1132 711 1203 753 cura

133 781 299 853 maerebat3
322 779 405 840 multi
428 778 496 839 odio
519 777 721 857 praesentium
744 787 773 837 et
794 777 930 856 cupidine
947 775 1119 837 mutationis
1137 778 1227 838 suis5

29 934 31 939 .
106 866 252 945 [quoque
273 863 412 944 periculis
440 863 638 935 laetabantur,
670 861 919 940 increpabantque
942 860 1094 921 Tiberium
1126 862 1218 939 quod'

134 950 165 1012 in'
187 959 269 1011 tanto
291 966 393 1009 rerum
415 957 497 1007 motu
519 946 624 1007 libellis
647 950 849 1007 accusatorum
879 947 1043 1006 insumeret
1070 964 1202 1024 operam.

130 1037 179 1097 dn
209 1031 396 1094 Sacrouirum
430 1031 593 1104 maiestatis
633 1028 755 1090 crimine
789 1048 872 1090 reum
906 1029 937 1089 in
974 1039 1080 1091 senatu
1112 1028 1202 1090 lore?

134 1119 276 1181 Extitisse
293 1116 414 1177 tandem
438 1115 531 1187 viros,
566 1114 616 1192 qui
640 1124 778 1175 cruentas
802 1113 942 1192 epistulas
965 1114 1055 1174 armis
1077 1113 1202 1174 cohibe-

132 1212 210 1265 rent.
253 1200 391 1260 Miseram
412 1216 513 1276 pacem
536 1197 582 1258 rel
604 1197 680 1258 bello
704 1198 780 1258 bene
801 1199 918 1259 mutari.
964 1198 1059 1258 Tanto
1092 1199 1243 1276 inpen-to

133 1278 197 1350 sius
221 1283 463 1365 insecuritatem
486 1282 681 1360 compositus,
703 1300 800 1361 neque
823 1283 888 1342 loco
911 1300 1008 1361 neque
1028 1283 1110 1343 vultu
1133 1301 1201 1344 rnu-

134 1380 206 1440 tato,
229 1368 283 1429 sed
304 1375 338 1427 ut
359 1366 490 1439 solitum,
514 1385 567 1445 per
589 1365 657 1426 illos
679 1366 742 1426 dies
767 1367 836 1444 egit,
860 1367 1012 1428 altitudine
1038 1367 1140 1441 animi,
1163 1385 1202 1428 an

137 1459 314 1532 conpererat
334 1445 451 1519 modica
474 1469 542 1511 esse
566 1458 595 1520 et
616 1450 739 1528 vulgatis
761 1450 882 1512 leviora.

83 1543 124 1605 45
221 1536 342 1597 Interim
370 1535 460 1597 Silius
478 1554 554 1596 ¹eum
582 1535 748 1613 legionibus
779 1534 892 1601 duabus
924 1535 1080 1608 incedens,
1112 1554 1202 1614 prae-

135 1622 227 1684 missa
250 1620 381 1681 auxiliari
410 1638 498 1680 manu
526 1627 621 1705 uastat
643 1620 847 1698 Sequanorum
876 1636 985 1698 pagos,
1018 1621 1069 1699 qui
1097 1620 1199 1704 finium
1216 1631 1243 1680 15

136 1706 259 1769 extremi
282 1714 312 1766 et
332 1705 441 1766 lleduis
464 1704 642 1776 contermini
669 1703 801 1782 sociique
829 1703 974 1764 inarmis
998 1714 1090 1767 erant.
1135 1705 1203 1765 blox
1256 1752 1261 1757 .

93 1837 96 1846 .
133 1789 381 1870 Augustodunum
409 1789 484 1867 petit
517 1807 646 1866 propero
683 1787 815 1866 agmine,
853 1780 1034 1850 certantibus
1063 1789 1141 1849 inter
1170 1809 1203 1850 se

131 1874 296 1955 signiferis,
320 1875 463 1934 tremente
486 1875 572 1934 etiam
596 1873 730 1951 gregario
754 1872 904 1934 militene
926 1882 1039 1933 suetam
1061 1873 1204 1951 requiem,

134 1979 174 2022 ne
202 1959 295 2039 spatia
325 1958 456 2019 noctium
486 1957 689 2036 opperiretur:
722 1958 858 2018 viderent
885 1957 974 2017 modo
1003 1958 1146 2018 adversos
1175 1967 1205 2019 et

136 2045 354 2125 aspicerentur3
377 2043 407 2103 id
430 2042 503 2104 satis
526 2043 561 2101 ad
583 2040 746 2102 victoriam.
790 2041 1002 2103 Duodecimum
1025 2043 1103 2121 apud
1126 2043 1245 2120 lapi-tt

136 2130 203 2191 dem
219 2127 356 2190 Sacrovir
378 2125 538 2203 copiaeque
561 2125 728 2204 patentibus
750 2125 824 2186 locis
848 2144 1020 2204 apparuere.
1060 2126 1202 2187 ln'lron-

138 2221 199 2274 tem
221 2218 364 2273 statuerat
386 2210 521 2282 ferratos,
544 2208 575 2269 in
599 2209 739 2271 cornibus
762 2211 912 2286 cohortes,
941 2229 956 2270 a
980 2219 1063 2289 tergo
1087 2230 1228 2272 semer-·

136 2314 214 2357 mos.
258 2294 333 2371 *lpse
363 2293 441 2353 inter
470 2293 620 2371 primores
656 2313 732 2374 equo
765 2293 873 2372 insigni
904 2294 1001 2367 adire,
1036 2314 1203 2356 memorare

131 2386 251 2440 reteres
268 2376 419 2438 Gallorum
434 2376 543 2454 glorias
559 2397 692 2457 quaeque
705 2378 847 2439 Romanis
870 2374 991 2441 advers'a
1013 2379 1202 2454 intulissent3

137 2481 223 2542 quarn
246 2462 352 2524 decora
375 2460 536 2523 victoribus
558 2462 689 2537 libertas,
712 2471 821 2541 quanto
843 2463 1051 2526 intolerantior
1073 2465 1200 2526 servitus
1213 2470 1244 2526 25

167 2623 216 2685 44.
246 2631 267 2679 1.
287 2633 415 2693 quattuor
438 2635 464 2678 et
479 2643 571 2695 recog.
593 2631 642 2680 ‘die
694 2629 731 2689 nd
747 2630 900 2682 simulando
918 2632 1153 2696 negotiooltitudo
1166 2635 1207 2682 in·

135 2695 181 2749 64’.
216 2694 287 2746 Nach
306 2696 397 2746 Strabo
416 2695 518 2755 tV.3‚2
536 2699 643 2748 standon
692 2699 769 2761 genii
785 2698 956 2765 incredibilis.

41 2811 46 2828 ,
134 2765 181 2814 anf
204 2765 259 2814 dem
282 2763 355 2813 Altar
380 2765 425 2814 des
452 2767 581 2827 Augustus
612 2782 643 2815 zu
727 2761 776 2822 45.
803 2770 841 2818 15.
861 2769 996 2817 auxiliare·
1010 2782 1100 2831 mono,
1119 2767 1204 2818 Reite·

132 2831 206 2899 Lyon
225 2832 265 2881 die
282 2830 380 2882 Nomen
402 2848 450 2882 von
469 2835 502 2884 60
521 2833 639 2891 lelrerm
694 2834 742 2883 rei.
758 2834 816 2884 Sc.
828 2837 871 2886 46.
892 2835 974 2885 Ueber
984 2835 1024 2884 die
1035 2835 1206 2900 Sequaner

132 2898 582 2954 wahrsebeinlielreinernndeZahl.
608 2901 644 2951 Es
695 2916 716 2950 s.
731 2917 762 2951 zu
774 2900 793 2950 l.
803 2903 844 2953 34.
873 2902 915 2951 Sic
931 2902 1029 2959 boissen
1047 2903 1144 2963 finium
1161 2918 1208 2952 eat·

133 2965 182 3028 gub
200 2964 250 3014 viel
262 2967 333 3015 metr
345 2965 644 3018 einzelneViilkersebal-
696 2970 780 3031 borni,
800 2968 873 3017 naml.
894 2984 941 3017 von
960 2967 1067 3026 Gallien,
1091 2969 1151 3020 weil
1168 2970 1207 3020 sle

133 3040 184 3089 ten,
207 3031 269 3082 aber
286 3033 341 3083 ltier
359 3037 461 3086 werden
481 3051 528 3086 nur
545 3036 586 3086 die
601 3051 646 3084 nu·
697 3049 728 3084 an
739 3033 874 3084 Gernraniu
884 3036 1001 3102 superior
1011 3045 1140 3099 grenzten,
1153 3052 1208 3087 wo-

133 3099 263 3150 mittelbar
279 3117 327 3150 von
346 3103 394 3153 den
406 3103 512 3154 Rdnrern
526 3103 645 3165 abbangi·
696 3103 742 3151 her
760 3101 836 3152 Silius
854 3101 920 3150 kam.
1260 3112 1266 3119 ·

134 3181 195 3230 gen,
228 3167 295 3219 nicht
317 3169 357 3219 die
375 3171 479 3236 [wieder
501 3185 532 3220 zu
550 3172 645 3220 andern
732 3171 770 3221 19.
789 3172 965 3233 opperiretur.
994 3170 1020 3219 S.
1041 3187 1075 3236 zu
1091 3170 1187 3223 tvm.

134 3233 276 3286 Galliscben
295 3237 405 3288 lelrern
431 3239 463 3288 im
482 3237 646 3288 Clientelver·
730 3238 769 3287 21.
788 3236 819 3285 ln
837 3235 955 3296 frocum
983 3238 1034 3286 Ι1ΐιι1
1051 3237 1091 3286 dte
1111 3240 1204 3298 Front',
1239 3291 1242 3295 ,

79 3331 82 3336 ·
133 3301 239 3352 bitltniss
256 3307 393 3356 stebendeu
411 3305 518 3368 geziblt.
545 3345 552 3355 .
697 3310 733 3356 ‘so
761 3303 820 3352 dass
843 3303 880 3353 sie
910 3304 950 3352 die
974 3304 1052 3354 llront
1078 3303 1205 3366 bildeten‘,

168 3373 191 3421 4.
212 3371 321 3423 credito.
347 3374 455 3424 Hierone
473 3370 643 3421 wirdzuuen
696 3369 852 3420 ‘alsFrontC
891 3371 917 3419 S.
937 3386 968 3419 zu
986 3369 1017 3419 ll.
1031 3372 1071 3421 13.

133 3438 356 3502 vorhergehcnden
374 3439 493 3489 Gliedern
514 3437 644 3486 creditum
728 3440 768 3490 24.
793 3437 911 3503 glorias,
938 3438 1021 3487 indem
1045 3437 1091 3487 der
1114 3435 1205 3500 liubin,

134 3506 249 3567 goducbt.
272 3507 353 3558 [leber
362 3510 391 3556 in
407 3506 644 3568 moiusl⁴vergros
695 3505 742 3555 den
767 3507 829 3571 J'ede
856 3505 968 3556 einzelne
996 3506 1207 3567 ansgezeiclrnete

133 3574 203 3634 sert’)
222 3591 243 3625 s.
263 3591 294 3625 zu
312 3575 343 3624 ll.
358 3574 396 3624 13.
692 3572 761 3624 'liat
778 3581 883 3636 erzengt
900 3575 976 3630 hatte,
1006 3574 1146 3626 besonders
1164 3591 1207 3640 ge·

168 3644 190 3691 'l.
211 3642 508 3701 libellisaeeuratomm.
521 3637 547 3688 S.
557 3636 587 3688 ll.
599 3638 639 3690 19.
694 3641 770 3691 daebt
786 3642 861 3693 wird.
900 3641 960 3692 Sall.
981 3641 1044 3705 lug:
1057 3645 1104 3695 41:
1123 3660 1206 3709 penes

164 3711 190 3760 ·9.
210 3713 334 3759 mentae
350 3704 479 3770 epistulas
496 3721 528 3755 an
539 3705 586 3755 den
598 3705 643 3756 Se·
695 3708 797 3759 eosdem
811 3712 956 3774 aerarium,
968 3711 1136 3776 prouinciae,
1149 3728 1206 3762 mo-

132 3782 177 3826 net
195 3777 257 3825 tiber
273 3788 320 3822 ron
340 3771 433 3821 diesem
451 3773 640 3824 anicbtendc.
692 3779 841 3841 gamatus,
883 3776 989 3842 gloriae
1025 3781 1208 3845 trircrnpbiqne

169 3838 369 3893 tantumdem
387 3842 472 3890 animi
487 3840 644 3893 ‘Ver-selles·
695 3849 778 3894 arant.
816 3843 872 3906 Vgl.
892 3845 934 3896 lV.
947 3849 989 3898 33.

130 3907 243 3959 senbeit’.
272 3906 302 3957 Η.
318 3906 410 3960 lV.86.
441 3907 501 3961 Sall.
522 3910 641 3975 lugitis:
729 3914 768 3982 25.
789 3913 977 3966 intolerantior
995 3915 1036 3965 lbr
1051 3915 1207 3966 intolerabi-
