2550 4350
67 271 107 336 74
380 242 384 253 ⁸
444 284 589 338 curuati
607 284 718 363 rsoirr
1003 289 1124 351 (aneae
1153 360 1156 365 ⁴

67 442 184 502 diversa
211 458 272 501 non
299 439 388 501 modo
417 449 486 519 aput
513 448 647 503 auctores
676 440 728 501 sed
756 440 787 501 in
814 439 909 520 ipsius
937 439 1125 502 orationibus

65 526 262 606 reperiuntur.
304 526 391 587 llodo
414 525 570 591 subtractis
591 525 813 587 candidatorum
834 524 1004 586 nominibus
1027 525 1123 604 origi-

16 660 19 665 .
67 628 135 671 neni
158 610 300 689 cuiusque
321 619 352 670 et
373 610 459 671 vitam
483 620 513 672 et
532 610 678 690 stipendia
698 610 871 688 descripsit,
900 609 1004 688 utqui
1027 611 1128 671 loreut

68 695 304 773 intellegeretur3
334 695 487 774 aliquando
517 712 550 756 ea
577 706 694 775 quoque
722 695 935 775 significatione
963 693 1122 768 subtracta,

67 781 238 842 candidatos
261 781 394 841 hortatus
417 799 454 842 ne
476 780 587 842 ambitu
607 781 724 842 oomitia
746 780 907 852 turbarent,
930 798 1014 840 suam
1035 780 1072 840 ad
1093 780 1151 842 id5

68 884 174 927 curant
190 865 336 945 pollicitus
358 874 413 926 est.
449 866 626 945 Plerumque
648 885 701 926 eos
724 873 835 926 tantum
857 871 927 944 aput
949 883 982 925 se
1004 865 1124 944 proles·

70 968 121 1012 sos
145 949 295 1022 disseruit,
318 968 442 1029 quorum
466 951 584 1011 nomina
606 951 777 1012 consulibus
800 949 954 1011 edidisset:
980 968 1073 1028 posse
1094 959 1124 1010 et

68 1035 142 1096 alios
163 1034 313 1114 profiteri,
348 1035 373 1094 si
402 1035 509 1112 gratiae
538 1043 587 1096 aut
607 1036 720 1097 meritis
748 1035 937 1097 confiderent.
982 1035 1124 1113 Speciosa

68 1120 182 1192 verbis,
214 1138 247 1180 re
273 1119 370 1179 inania
399 1127 449 1179 aut
475 1119 615 1191 subdola,
647 1129 813 1200 quantoque
839 1119 953 1200 maiore
980 1119 1124 1181 libertatis

68 1204 194 1284 imagine
215 1203 399 1282 tegebantur,
421 1213 501 1264 tanto
524 1214 662 1283 eruptura
684 1206 720 1279 ad
742 1205 884 1267 infensius
907 1204 1070 1265 servitium.
1137 1216 1178 1268 lu.

102 1391 122 1438 1.
141 1387 192 1437 sed.
229 1387 255 1437 S.
276 1402 307 1437 zu
325 1403 346 1436 e.
358 1389 399 1439 60.
621 1389 659 1438 les
677 1388 764 1451 gleiob,
787 1389 818 1438 du
834 1388 915 1440 'selbst
933 1388 956 1437 in
970 1390 1025 1439 dem
1037 1389 1131 1440 letzten

99 1459 122 1508 9.
133 1471 162 1505 re
173 1458 268 1505 inania
278 1454 454 1517 outauddola.
473 1453 570 1505 llloohte
621 1456 691 1506 Folle
703 1457 780 1507 durelt
792 1457 931 1508 Creatoreu
944 1457 1018 1508 dultir
1028 1465 1132 1520 gesorgt

67 1539 96 1575 er
114 1523 154 1573 die
165 1522 320 1574 Candido'ten
337 1523 383 1573 ruit
399 1521 494 1573 Nomen
513 1538 573 1573 ueri·
621 1540 690 1579 war.
718 1525 776 1575 dass
794 1525 847 1576 sein
866 1525 946 1577 Wille
971 1526 1039 1575 uieht
1055 1526 1133 1576 unhe-

66 1608 126 1650 ueu,
156 1593 251 1641 moehte
276 1591 364 1641 orsio
388 1590 511 1642 kenntlioh
531 1590 572 1643 be·
621 1591 792 1652 liauutblieb,
814 1594 862 1643 uod
882 1594 914 1642 da
932 1593 1133 1644 ourdieserbe-

66 1658 210 1716 solireilieo,
239 1659 336 1710 moolite
360 1673 388 1708 er
412 1657 507 1709 eodlieh
526 1674 572 1722 gur
623 1659 797 1723 lolgtwurde.
841 1661 977 1712 lldelrstens
995 1661 1087 1712 lanuto
1106 1661 1132 1711 iu

66 1727 139 1778 keine
151 1728 300 1789 Audeutuug
318 1727 396 1790 geben
414 1728 465 1790 (die
476 1726 571 1778 welche
619 1730 696 1792 jeueo
734 1729 1054 1792 Freilieitsuuerhietuugen
1089 1730 1130 1779 die

66 1812 96 1847 er
113 1795 244 1846 inBetrell
259 1796 302 1846 des
316 1797 429 1847 ambitus
444 1797 572 1847 ermalinte
622 1798 726 1847 Absielit
747 1796 830 1861 liogeu
846 1798 982 1848 leuiaudeu
1005 1813 1037 1847 zu
1061 1797 1133 1848 ihrer

65 1864 134 1915 liloss
152 1864 196 1914 mit
213 1866 268 1914 deiu
285 1864 417 1915 Ausdruek
435 1863 573 1914 candidati
623 1865 767 1928 Beuutzuog
790 1882 821 1916 zu
844 1867 978 1926 verleiteo‚
1015 1881 1055 1916 uui
1083 1866 1132 1915 deu

65 1931 226 1990 hezeiohueut
253 1932 302 1981 und
335 1932 388 1982 also
416 1932 573 1996 Bewerhuug
599 1940 602 1945 ⁴
623 1933 735 1984 Freoheu
759 1935 883 1985 erkeuueu
914 1935 963 1984 uod
988 1932 1131 1985 verde1·lieu

66 1999 573 2063 uuqulilselieiuhorguuzdernlreieu
622 2018 654 2053 zu
672 2001 778 2052 konnen.
1122 1997 1130 2038 i

65 2068 199 2120 Ermesseo
219 2069 404 2133 unheiuigeben,
426 2085 453 2120 es
465 2084 520 2120 war
531 2068 573 2119 tl·
