2550 4350
94 274 214 337 tenen
318 271 360 322 an
378 268 531 321 nxcnssu
548 269 618 321 nrvr
635 270 777 323 aucusrr
795 271 837 325 vr.
858 274 898 325 sc.
916 275 958 325 ar.
1095 259 1155 326 311
1219 302 1221 306 ,

94 446 167 508 pace
190 433 219 486 et
239 425 371 488 adversis
392 425 575 506 proeliorum
591 426 757 487 exitiosum.
790 427 881 506 igitur
896 426 1047 500 Sinnaces,
1071 449 1158 508 quem

96 521 182 573 antea
209 510 356 572 infensum
384 512 562 584 memoravi,
597 519 709 591 patrem
732 511 922 591 Abdagaesen
950 513 1081 592 aliosque
1104 534 1156 577 oc·

79 597 194 658 <cultos
217 595 331 657 consilii
356 604 385 656 et
407 604 476 656 tunc
498 596 646 657 continuis
670 595 801 656 cladibus
823 597 1023 676 promptiores
1045 599 1081 658 ad
1104 599 1157 661 de-

97 681 253 742 lectionem
275 682 373 751 trahit,
403 681 597 749 adfluentibus
619 681 759 764 paulatim
780 682 830 759 qui
853 691 933 742 metu
956 682 1049 761 magis
1073 702 1159 762 quam

72 766 292 842 abenivolentia
315 765 439 826 subiecti
462 767 588 844 re'pertis
617 766 786 826 auctoribus
804 767 996 840 ,sustulerant
1018 768 1158 830 animum.

96 851 156 912 Nec
183 851 241 911 iam
268 850 345 911 aliud
367 851 514 910 Artabano
544 851 689 929 reliquum
721 869 806 929 quam
835 852 859 912 si
890 853 938 930 qui
969 860 1157 914 externorum

92 936 210 1016 corpori
234 936 372 996 custodes
395 935 526 1007 aderant,
550 936 613 996 suis
637 936 761 1014 quisque
783 936 904 997 sedibus
921 947 1066 1011 extorres,
1089 938 1157 1017 quis

92 1040 187 1100 neque
210 1021 280 1081 boni
312 1020 476 1081 intellectus
499 1029 594 1098 neque
617 1021 684 1081 mali
707 1039 792 1094 oura,
826 1022 879 1081 sed
908 1023 1042 1083 mercede
1071 1023 1157 1084 alun-

92 1114 140 1166 tur
163 1101 291 1166 mihistri
313 1105 486 1166 sceleribus.
530 1105 584 1165 His
607 1105 770 1183 adsumptis
793 1105 822 1165 in
844 1105 1002 1186 longinqua
1032 1115 1062 1167 et
1083 1126 1157 1168 con-

56 1204 84 1254 10
95 1192 219 1252 termina
243 1190 377 1268 Scythiae
399 1191 494 1268 sugam
518 1191 689 1261 maturarit,
714 1209 767 1269 spe
790 1191 902 1266 auxilii,
927 1191 994 1270 quia
1016 1192 1158 1271 Hyrcanis

93 1275 313 1353 Carmaniisque
345 1292 399 1352 per
432 1275 611 1335 adfinitatem
646 1274 770 1335 innexus
802 1283 880 1336 erat:
922 1285 1009 1356 atque
1037 1278 1157 1338 interim

92 1380 181 1440 posse
203 1359 331 1420 Parthos
360 1359 524 1420 absentium
548 1378 677 1438 aequm,
711 1362 919 1438 praesentibus
947 1360 1087 1435 mobiles,
1121 1362 1157 1422 ad

92 1445 302 1523 paenitentiam
326 1445 440 1521 mutari,
485 1445 520 1504 At
542 1445 675 1506 Vitellius
697 1446 823 1525 profugo
848 1446 994 1507 Artabano
1025 1456 1054 1508 et
1075 1447 1210 1512 flexis3'l

92 1532 126 1592 ad
150 1548 258 1590 novum
282 1547 380 1606 regem
404 1529 588 1608 popularium
612 1530 734 1602 animis,
763 1530 897 1591 hortatus
921 1531 1071 1592 Tiridaten
1102 1551 1157 1610 pa-

54 1626 83 1677 15
93 1623 155 1675 rata
171 1633 337 1692 capessere,
361 1615 453 1674 robur
468 1614 617 1692 legionum
634 1615 842 1692 sociorumque
857 1616 952 1694 ripam
967 1616 1003 1676 ad
1019 1616 1157 1696 Euphra-

96 1701 132 1760 tis
155 1700 243 1759 ducit.
288 1699 539 1771 Sacrificantibus,
570 1717 635 1759 oum
664 1700 713 1760 hic
735 1717 818 1759 more
841 1699 975 1759 Romano
999 1711 1158 1763 suovetau-

94 1784 157 1843 rilia
180 1784 278 1856 daret,
301 1784 349 1844 ille
372 1802 478 1862 equum
501 1782 643 1861 placando
666 1783 744 1843 amni
764 1784 955 1856 adornasset,
984 1786 1157 1847 nuntiavere

96 1868 210 1929 accolae
232 1867 399 1947 Euphraten
422 1868 500 1928 nulla
522 1868 659 1928 imbrium
683 1869 712 1927 vi
732 1875 839 1946 sponte
869 1877 898 1928 et
920 1868 1086 1947 inmensum
1110 1878 1156 1930 at·
1199 1896 1203 1905 ·

94 1953 172 2026 tolli,
207 1952 293 2013 simul
315 1953 481 2014 albentibus
505 1952 620 2031 spumis
643 1953 673 2012 in
694 1953 815 2012 modum
844 1951 1014 2013 diadematis
1038 1952 1157 2016 sinuare

53 2038 200 2109 acerbes,
232 2039 396 2116 ‚auspicium
423 2037 560 2116 prosperi
595 2046 812 2115 transgressus.
867 2036 990 2108 Quidam
1025 2038 1157 2099 callidius

91 2123 369 2201 interpretabantur,
391 2123 475 2184 initia
498 2131 621 2183 conatus
644 2122 772 2183 secunda
795 2140 891 2200 neque
914 2121 1066 2195 diuturna,
1090 2123 1157 2201 quia

94 2227 196 2268 eorum
220 2226 294 2286 quae
317 2220 394 2268 terra
417 2209 533 2268 caelove
556 2208 805 2286 portenderentur
825 2205 934 2268 certior
949 2207 1033 2279 fides
1056 2209 1155 2268 llnmi-

91 2312 159 2353 num
190 2292 336 2353 instabilis
370 2301 473 2353 natura
508 2292 596 2354 simul
633 2294 803 2353 ostenderet
837 2291 935 2353 omina
969 2302 1182 2372 raperetque..

92 2379 150 2439 Sed
172 2386 264 2456 ponte
292 2377 415 2438 navibus
444 2379 548 2438 effecto
580 2377 776 2456 tramissoque
806 2378 1072 2456 exercitn'primus
1096 2379 1156 2439 Or·

52 2463 241 2541 tenospades
265 2462 364 2522 multis
388 2463 517 2540 equitum
541 2463 659 2523 milibus
683 2464 713 2522 in
736 2471 831 2523 castra
854 2462 942 2533 venit,
969 2463 1035 2524 exul
1057 2482 1154 2542 quon-

92 2547 156 2606 dam
187 2554 216 2607 et
238 2547 376 2618 Tiberio,
412 2566 478 2608 cum
507 2548 699 2609 Delmaticum
729 2547 836 2607 bellum
867 2548 1041 2620 conticeret,
1079 2548 1156 2609 haud

94 2631 236 2709 inglorius
275 2632 428 2692 auxiliator
462 2651 556 2716 eoque
591 2632 704 2693 civitate
739 2632 870 2691 Romana
904 2631 1044 2704 donatus,
1087 2651 1157 2692 mox

126 2765 148 2814 2.
164 2762 390 2825 'onteainfansum
412 2766 600 2815 ‘schonrain
683 2756 731 2820 37.
752 2766 790 2814 15.
809 2762 945 2828 ripamod
954 2762 1109 2829 Euphratis.
1129 2764 1155 2814 S.

90 2833 136 2881 ber
155 2831 301 2894 leindsclig',
321 2833 371 2883 wie
391 2832 451 2882 Hor.
472 2831 525 2882 Sat.
542 2832 595 2891 l.3,
649 2848 680 2882 zu
699 2831 740 2881 lll.
756 2833 796 2882 72.

91 2902 138 2952 107
156 2915 219 2950 nam
236 2899 292 2959 fuit
314 2906 375 2950 ante
392 2902 518 2951 Helenum
536 2916 599 2950 cun·
687 2903 723 2950 tr.
741 2897 874 2964 placando
893 2900 967 2947 omni
984 2898 1085 2960 gehdrt,
1107 2899 1157 2949 wie

88 2985 138 3018 naas
157 2971 311 3019 taetem'ma
336 2969 398 3019 belli
417 2968 509 3019 Causa.
545 2967 598 3018 Ma·
649 2969 711 3017 auch
731 2968 770 3017 die
790 2965 902 3028 Stellung
927 2965 1007 3028 zeigt,
1040 2965 1107 3016 bloss
1125 2982 1157 3017 zu

87 3041 207 3087 moravi:
226 3053 247 3086 c.
264 3039 304 3089 31.
649 3036 735 3086 illc-
755 3035 916 3085 adornasset.
940 3034 998 3084 ute
1018 3035 1157 3085 Suovetnu·

122 3106 240 3154 occultos
267 3104 374 3154 consilii
402 3104 443 3154 ‘im
462 3103 596 3154 Gebeimen
648 3103 721 3154 rilien
746 3103 850 3153 worden
876 3103 930 3151 deur
948 3102 1017 3153 Mars
1042 3103 1080 3153 als
1098 3103 1157 3153 Rei-

87 3172 295 3222 llntschlossene'.
343 3172 385 3221 Sic
411 3174 495 3222 butten
520 3174 596 3222 sehon
647 3172 825 3237 niguugsopler
843 3170 1024 3233 dargebracht‚
1058 3187 1096 3222 um
1116 3172 1156 3221 ein

87 3239 173 3289 lriiher
199 3242 246 3290 den
264 3239 411 3290 Eutschluss
439 3257 494 3289 zum
512 3239 596 3290 Ablall
647 3241 936 3301 grossesUnternehmen
954 3240 1053 3301 wdrdig
1071 3240 1157 3289 zube-

87 3309 191 3368 gelasst,
212 3316 314 3370 wogten
333 3308 372 3356 ibn
392 3307 454 3357 aber
468 3317 520 3359 erst
529 3311 596 3374 jctzt
647 3309 746 3370 ginnen.
784 3307 828 3357 bei
846 3308 893 3356 den
909 3306 1030 3356 Parthern
1050 3308 1155 3357 worden

87 3376 264 3425 ouszulirhren.
647 3374 738 3426 Plerde
758 3375 794 3425 ols
806 3376 852 3425 der
864 3375 945 3424 Sonne
955 3373 1031 3437 heilig
1041 3376 1156 3440 geoplert

123 3446 160 3492 m.
186 3442 327 3508 Scythiae,
358 3458 388 3492 an
416 3443 461 3491 der
485 3441 595 3492 Ostseito
647 3441 1153 3505 u.dieFliissegeuossenbeijbnenbe-

14 3550 19 3559 .
89 3508 400 3576 desCaspiscbenlleers.
426 3509 596 3559 Diesddlich·
646 3508 1151 3574 sendereVerelrrung.lustin.XLl.3,6.

90 3583 143 3624 sten
163 3577 208 3626 der
226 3578 334 3644 Scythen
353 3593 439 3628 waren
458 3578 498 3626 die
514 3578 596 3643 llyr-
682 3579 720 3628 20.
749 3580 897 3641 auspicium
919 3580 1045 3644 prosperi
1068 3582 1154 3627 trans-

89 3657 189 3693 caner
201 3645 249 3694 und
262 3645 350 3703 lloher,
363 3645 403 3695 bei
411 3647 489 3695 denen
501 3660 529 3700 cr
541 3646 597 3694 aul·
645 3661 759 3709 gressus.
797 3644 823 3694 S.
843 3661 873 3693 zu
893 3645 909 3694 l.
924 3649 964 3697 27.
1162 3648 1165 3653 ’

88 3713 399 3775 gewacbseuwortll.3l:
421 3714 596 3763 dieCnrma·
680 3716 719 3765 22.
745 3712 816 3774 fides.
859 3712 941 3762 Ueber
968 3714 1012 3762 das
1039 3712 1153 3762 lehlende

88 3779 160 3828 nier
178 3781 294 3829 wohnten
313 3781 358 3830 aul
371 3783 417 3831 der
430 3789 597 3844 entgegenge-
647 3787 713 3830 esset
729 3797 759 3829 zu
778 3779 796 3828 l.
811 3783 834 3829 t.

87 3855 184 3897 setzteu
194 3847 262 3897 Seite
275 3847 318 3898 des
326 3849 486 3900 Parthisehen
495 3850 592 3908 Reichs,
680 3851 719 3900 26.
740 3863 798 3897 cum
807 3846 889 3896 Delm.
909 3846 931 3895 b.
951 3847 1152 3909 condit-911.

86 3917 120 3966 im
131 3917 223 3974 decn,
237 3931 275 3965 om
285 3917 592 3982 persisohcheerbusen.
648 3916 691 3967 Ch.
730 3915 756 3965 S.
777 3931 807 3963 zu
825 3914 843 3964 l.
857 3915 897 3964 25.
1059 3928 1061 3933 ·
