2550 4350
94 267 219 326 acan)
321 263 362 313 aa
381 262 532 314 excessu
551 262 618 315 nrvr
638 263 778 317 noeosrr
796 264 838 316 m.
860 269 900 319 aa.
919 271 960 320 54.
1103 259 1163 326 183

92 426 125 480 et
153 417 218 478 auri
251 414 395 494 pondus?
432 417 508 478 aeris
543 416 763 496 tabularumque
798 419 962 482 miracula?
998 427 1161 500 promiscas

94 503 166 563 viris
191 508 220 561 et
243 500 360 562 leminis
383 500 506 562 vestes?
538 512 625 580 atque
654 501 701 561 illa
729 502 903 566 seminarum
926 508 1062 584 propria,
1095 514 1162 589 quis

95 587 225 665 lapidum
250 604 337 645 causa
360 587 502 663 pecuniae
525 603 644 647 nostrae
667 586 702 646 ad
726 594 862 648 externas
884 599 933 649 ant
948 589 1065 652 hostilis
1088 613 1161 671 gen-

98 680 146 731 tes
168 669 407 731 transferuntur?
451 671 511 731 Nec
533 672 638 748 ignoro
661 670 691 729 in
715 671 855 731 conviviis
886 682 915 733 et
936 674 1053 736 circulis
1076 677 1161 740 incn-
1174 687 1217 745 54

70 755 163 818 beari
183 755 238 816 ista
261 764 292 814 et
313 755 432 814 modum
457 755 559 833 posei3
582 764 628 815 see
651 753 677 812 si
701 755 766 832 quis
788 755 882 833 legem
906 759 1027 833 sanciat,
1049 781 1162 839 poenas

98 841 221 911 indicat,
251 840 328 899 idem
351 839 390 899 int
415 839 559 899 civitatem
583 838 672 910 verti,
705 838 947 916 splendidissimo
970 845 1075 923 cuique
1097 848 1162 907 exi-

96 925 168 988 tium
191 924 304 1002 parari,
334 924 482 983 neminem
504 922 637 982 criminis
661 930 811 1000 expertem
835 925 1032 988 clamitabunt.
1076 931 1162 1010 Atqui

92 1029 131 1071 ne
154 1009 290 1087 corporis
313 1009 431 1086 quidem
460 1008 582 1067 morbos
611 1015 725 1067 veteres
755 1016 785 1068 et
813 1009 862 1070 diu
891 1019 993 1072 anctos
1023 1013 1080 1074 nisi
1108 1034 1162 1093 per

92 1095 168 1156 dura
191 1101 221 1153 et
242 1112 345 1171 aspera
369 1098 524 1163 coerceam
548 1100 706 1170 corruptus
730 1092 819 1153 simul
842 1104 871 1155 et
886 1104 1052 1176 corruptor,
1076 1117 1163 1178 aeger

52 1191 82 1241 to
95 1188 125 1240 et
147 1179 276 1254 flagrans
298 1177 413 1238 animus
436 1178 506 1236 bant
526 1176 687 1238 levioribus
709 1178 849 1240 remediis
870 1182 1098 1260 restinguendus
1115 1194 1162 1245 est

93 1282 183 1343 qnam
213 1261 385 1322 libidinibus
414 1262 550 1322 ardescit.
601 1262 659 1321 Tot
680 1281 696 1322 a
718 1263 882 1324 maioribus
913 1276 1049 1344 repertae
1070 1269 1161 1347 leges,

92 1355 138 1409 tot
170 1365 242 1426 quas
272 1347 357 1407 dirus
386 1347 536 1424 Angustus
568 1346 647 1418 tulit,
684 1346 749 1407 illae
778 1349 941 1423 oblivione,
977 1342 1049 1426 hae,
1080 1354 1159 1432 qnod

92 1431 271 1510 flagitiosius
296 1441 357 1502 est,
387 1440 556 1509 contemptu
579 1431 705 1492 abolitae
727 1433 910 1495 securiorem
932 1436 1031 1498 lurum
1055 1439 1160 1500 iecere.

92 1516 167 1578 Nam
192 1516 217 1576 si
241 1516 311 1575 velis
335 1517 414 1594 qnod
437 1517 567 1576 nondum
591 1516 710 1577 vetitum
735 1527 791 1589 est,
816 1519 918 1580 timeas
942 1539 978 1581 ne
996 1530 1110 1596 vetere3
1132 1532 1162 1583 at

50 1613 81 1670 15
92 1603 118 1662 si
142 1600 292 1679 prohibita
315 1599 434 1677 impune
457 1600 693 1672 transcenderim
723 1619 817 1679 neque
848 1611 945 1664 metus
968 1606 1042 1666 nitra
1064 1626 1161 1686 neque

92 1686 191 1765 pudor
219 1692 274 1744 est.
320 1685 379 1744 Cur
407 1703 477 1762 ergo
507 1685 577 1744 olim
605 1685 787 1762 parsimonia
814 1686 954 1762 pollebat.
999 1689 1074 1761 Quia
1104 1691 1159 1752 sibi

93 1770 220 1848 quisque
243 1768 460 1841 moderabatur,
484 1769 552 1846 quia
574 1769 661 1829 unius
685 1767 766 1828 urbis
790 1769 867 1830 eires
891 1789 1023 1846 eramus;
1052 1793 1090 1835 ne
1111 1775 1159 1835 in-

89 1938 231 1999 tendemus
244 1937 339 2000 quidue
354 1935 453 1985 diuersi
463 1938 540 1998 ritus,
560 1949 605 1983 eu·
656 1932 808 1997 digitisque,
833 1949 900 1998 quae
916 1949 1019 1985 summo
1037 1936 1165 2000 quadrin-

90 2010 264 2054 tamarcem
282 2009 330 2052 eut
347 2003 423 2053 nullu
440 2008 509 2053 eunt.
537 2002 600 2051 Plio.
652 2003 755 2064 gentica
772 2000 818 2051 HS
835 2002 982 2066 colligebat
1009 2002 1067 2052 Xtt.
1084 2006 1122 2063 18,
1132 2006 1166 2056 84

88 2073 148 2122 bist.
161 2079 214 2120 eut.
233 2069 407 2128 xxxnt.1o,
421 2073 482 2122 135:
505 2069 530 2121 C.
543 2070 604 2119 Asi·
653 2068 767 2119 Muciana
785 2072 981 2134 computatione
1002 2072 1088 2121 milies
1105 2087 1164 2121 cen-

89 2143 136 2190 nio
167 2137 243 2189 Gallo
275 2137 301 2188 C.
326 2137 430 2188 Marcio
459 2138 601 2188 Censorino
654 2142 716 2186 tenu
734 2137 810 2188 milia
827 2137 872 2188 HS
890 2139 968 2187 anuis
986 2139 1105 2189 oneribus
1119 2139 1163 2189 In-

89 2223 160 2258 cone.
180 2208 206 2264 18
220 2222 245 2255 r.
258 2205 315 2265 Cb.)
335 2203 360 2255 C.
376 2204 506 2256 Caecib‘ua
525 2205 603 2256 Cluu—
653 2204 699 2255 diu
711 2203 821 2254 etSeree
836 2206 1031 2271 peninsulupue
1048 2206 1097 2257 itta
1115 2208 1163 2256 iue-

89 2275 150 2325 diur
167 2273 289 2324 Isidorus
307 2278 462 2323 testamento
480 2289 528 2323 eun
548 2274 602 2323 edi·
651 2275 727 2338 perio
745 2279 837 2324 nostro
855 2275 978 2324 adimunt
996 2275 1048 2336 tbir
1065 2275 1164 2325 Luxus·

87 2346 133 2392 {eit
149 2340 302 2406 relinquere
318 2356 457 2390 aereorum
473 2347 603 2406 quattuor
652 2341 823 2402 gegenstinde
842 2342 998 2408 uberhaupt).

90 2409 166 2459 milia
184 2415 289 2458 eentum
305 2407 426 2458 sedecim.
463 2411 552 2459 Athen.
568 2408 601 2458 Vi
686 2403 734 2464 54.
753 2411 776 2460 6.
795 2413 869 2459 verti
907 2410 933 2460 S.
953 2427 984 2460 zu
1002 2409 1032 2460 11.
1052 2413 1092 2463 42.

88 2494 114 2544 p.
142 2477 212 2528 121.
241 2473 357 2542 μυρίους
379 2473 425 2524 καὶ
442 2474 602 2544 δισμυρίους
687 2477 710 2526 9.
730 2479 982 2541 aegeretltugrone.
1002 2477 1163 2529 Dchraeke

88 2542 135 2595 καὶ
153 2540 195 2594 ἔτι
212 2542 319 2598 πλείους
341 2539 374 2606 δὲ
390 2537 545 2611 πάμπολλοι
562 2542 602 2594 κε’-
654 2541 688 2589 ist
705 2543 860 2603 gewdbnlicb
878 2553 952 2603 mmm
985 2544 1163 2596 leidenscbnst·

88 2626 210 2674 nquam.
652 2606 717 2656 liobe
736 2609 859 2669 Begierde
878 2612 989 2672 dagagen
1017 2619 1083 2662 setzt
1106 2611 1162 2661 eine

125 2685 146 2732 1.
166 2681 243 2730 cerm.
280 2677 352 2728 Suet.
365 2676 422 2729 Tib.
433 2679 479 2728 34:
510 2676 602 2728 Corin-
653 2674 851 2735 gewissemm
867 2692 969 2725 vorans.
1000 2677 1035 2726 Es
1053 2678 1087 2726 ist
1103 2677 1163 2726 der-

90 2750 208 2798 tbiorum
239 2761 363 2796 verorum
388 2746 480 2811 pretia
503 2746 532 2793 in
555 2747 604 2793 im·
655 2741 724 2791 selbe
742 2742 860 2790 abnorme
870 2741 983 2792 Zustand
1000 2743 1050 2792 wie
1062 2743 1087 2791 in
1099 2743 1163 2809 phy-

86 2830 208 2866 meretum
234 2815 366 2863 eumaem
393 2814 516 2877 grauiter
540 2826 603 2861 cou-
653 2809 751 2857 sischer
768 2808 908 2860 Kranbboit
934 2809 974 2857 die
992 2809 1163 2859 Fieberbituez

88 2889 202 2949 questus.
689 2877 726 2926 13.
746 2881 903 2942 contemptu.
931 2876 1001 2926 Deon
1021 2877 1062 2928 bei
1074 2877 1163 2927 diesen

120 2952 272 3016 promiscae
288 2976 323 2986 -
339 2953 428 2998 amice.
465 2948 491 2998 S.
513 2945 597 2998 1133.
651 2943 686 2993 ist
703 2943 742 2994 die
761 2945 895 3002 Annabrne
924 2945 982 2995 dese
1000 2945 1037 2996 sie
1056 2945 1080 2994 in
1098 2943 1162 2995 Ver·

89 3018 148 3068 Sen.
175 3034 215 3084 ep.
243 3017 316 3067 xlx.
338 3019 452 3078 51111),
475 3017 524 3066 20:
553 3017 602 3079 qui
652 3013 795 3074 gessenbeit
817 3014 938 3074 gerernen
962 3013 1045 3072 seien,
1073 3028 1162 3076 wegen

89 3086 213 3136 lacernae
230 3085 329 3135 eoloris
351 3084 468 3149 improbi
483 3087 599 3145 sumunt,
649 3079 720 3130 ibrer
737 3078 847 3131 Nenbeit
864 3082 931 3132 nicbt
947 3081 1063 3145 miglicb.

89 3156 138 3217 qui
152 3153 333 3217 perlucentem
346 3157 443 3215 togam.
467 3150 600 3200 Plinbiet.
690 3151 728 3199 17.
747 3151 828 3198 unius
845 3151 920 3199 urbis
945 3151 969 3200 d.
983 3152 1007 3199 b.
1027 3165 1073 3200 aas
1092 3149 1163 3199 einer

90 3227 144 3269 nat.
163 3219 211 3270 XI.
231 3223 271 3278 23,
287 3222 333 3271 78:
359 3217 416 3269 Nec
437 3219 538 3284 puduit
555 3219 603 3268 bos
654 3215 728 3266 sunt
746 3218 890 3275 stamurend,
922 3217 968 3268 der
986 3218 1083 3269 Gebort
1101 3218 1163 3266 nacb

89 3288 268 3350 umtesOEoast
283 3291 416 3352 usurpare
434 3289 512 3336 etiem
531 3287 603 3335 uiroc
651 3283 752 3346 Birger
785 3285 857 3335 einer
889 3285 976 3336 Smne:
1009 3286 1073 3336 denn
1107 3285 1163 3335 den

90 3355 224 3405 levitatem
238 3360 352 3421 propter
370 3356 504 3404 aerucam.
653 3351 749 3401 Rocbte
776 3353 837 3400 naeb
866 3367 954 3402 waren
981 3353 1018 3402 sie
1046 3368 1073 3400 es
1100 3352 1163 3401 nocb

123 3424 146 3475 2.
182 3426 242 3488 que'a
273 3422 374 3473 beeiebt
401 3421 453 3470 sicb
482 3421 529 3469 aus
554 3419 603 3469 illa
651 3420 725 3481 jctzt.
758 3417 806 3468 biit
821 3420 885 3468 urbe
904 3420 936 3469 ist
954 3419 1009 3468 bier
1026 3419 1071 3468 das
1084 3432 1163 3479 ganza

86 3493 220 3556 propria.-
241 3489 385 3546 ‘wodu1·ob¹,
409 3489 441 3536 ‘in
456 3486 532 3548 Fulge
551 3502 603 3536 wo·
655 3485 746 3535 Gebict
764 3484 895 3536 dorstado
912 3487 1028 3548 gemeint.
1050 3485 1096 3533 der
1112 3483 1165 3535 alte

88 3557 154 3608 roo'.
193 3558 276 3608 Ueber
300 3558 340 3607 die
359 3557 439 3606 Sacbe
458 3553 522 3604 Plin.
543 3553 600 3604 bist.
654 3564 721 3617 ager
734 3550 876 3603 Romanus.
911 3554 947 3604 Es
965 3553 1030 3602 wind
1049 3551 1089 3601 die
1107 3549 1164 3602 Zeit

89 3633 141 3675 net.
162 3624 346 3683 1Χ.35,111;
374 3622 490 3673 Lolliano
513 3621 603 3671 Pauli·
653 3620 692 3670 bis
710 3635 757 3670 zur
773 3621 912 3670 Aninahme
936 3621 980 3670 des
999 3634 1094 3681 genuen
1113 3616 1165 3668 lta·
1214 3670 1221 3675 ,

89 3707 153 3744 nam
176 3693 235 3743 uidi
257 3692 408 3757 smaragdis
434 3691 603 3754 margaritae·
652 3687 704 3738 lien
736 3687 774 3737 ins
806 3687 975 3748 Birgerreeht
1006 3685 1160 3743 bezeichnet,

91 3777 142 3826 que
167 3766 288 3826 opertum
312 3760 416 3810 ultuma
443 3762 518 3808 teutu
549 3756 603 3817 ful-
652 3755 749 3806 welche
779 3755 900 3804 wibrend
934 3753 983 3802 und
1015 3753 1077 3802 nacb
1108 3752 1164 3802 deu

89 3831 228 3892 gentibue,
262 3833 316 3877 toto
345 3829 446 3892 cupite,
475 3826 602 3887 crinibus,
654 3820 964 3883 Bundesgenossenkrieg.
997 3820 1109 3871 91-88
1135 3833 1160 3867 v.

90 3899 182 3961 spira,
201 3897 326 3958 nuribus,
350 3894 434 3958 cotio,
459 3893 603 3944 monilibus
651 3889 710 3948 (lb,
731 3890 847 3951 geschot,
870 3903 901 3938 ao
916 3886 1029 3939 melchae
1043 3887 1100 3938 -sicb
1115 3887 1165 3937 der
