2550 4350
98 292 120 336 ρ.
133 273 220 335 canu
289 269 329 320 es
348 266 582 320 excusscsurvr
599 255 738 319 luousrr
755 265 797 318 iv.
817 269 858 319 lo.
872 239 913 319 co.
928 269 968 320 51.
1083 255 1150 318 atu

98 424 223 489 addictis
244 422 273 484 id
294 423 454 484 remedium
477 421 654 493 disserebam
682 421 852 500 primusque
880 439 912 482 se
933 438 997 481 cum
1021 421 1145 500 coniuge

78 498 131 572 xet
158 506 256 570 liberis
282 507 384 568 victori
411 506 552 586 permisit.
603 507 701 567 Secnti
728 514 819 566 aetate
848 514 897 566 aut
923 524 995 568 sexu
1018 505 1144 566 inbecilli

102 603 133 655 et
159 591 260 673 quibus
293 592 385 653 maior
416 593 491 653 vitae
520 610 604 671 quam
633 591 742 668 gloriae
771 590 887 670 cupido.
938 591 981 651 dc
1011 590 1144 651 iuventus

102 678 221 739 Tarsam
243 677 319 737 inter
340 686 370 736 et
390 676 524 736 Turesim
548 675 770 736 distrahebatur.
821 674 940 754 Utrique
968 674 1145 736 destinatum

76 776 168 825 ocum
188 762 320 823 libertate
342 760 482 821 occidere.
526 759 583 820 Sed
604 759 696 820 Tarsa
719 778 876 839 properum
899 762 1002 832 linem,
1026 758 1144 821 abrum-

71 896 73 901 .
99 847 209 929 pendas
232 847 340 926 pariter
361 864 430 925 spes
453 863 485 906 ac
507 852 602 905 metus
634 844 784 905 clamitans
806 845 884 906 dedit
906 844 1068 924 exemplum
1082 843 1144 906 de·
1246 874 1250 879 ·

98 932 190 995 misso
212 932 243 992 in
264 938 364 1010 pectus
387 932 474 990 lerro.
517 929 577 990 Nec
598 928 720 990 deluere'
738 928 787 1008 qui
809 930 912 990 eodem
940 928 1027 990 modo
1051 947 1145 1008 oppe-
1168 986 1170 990 .

97 1026 202 1080 terent.
236 1015 353 1076 Turesis
376 1034 426 1075 sua
450 1033 513 1074 cum
536 1023 752 1075 manunoctem
769 1013 929 1094 opperitur,
952 1014 1145 1075 handnescio
1244 1084 1247 1089 p

98 1103 171 1165 duce
203 1100 318 1161 nostro'.
371 1100 461 1176 Igitur
487 1101 617 1159 firmatae
645 1100 786 1160 stationes
821 1098 1008 1160 densioribus
1041 1098 1146 1178 globis.

62 1188 133 1249 tht
160 1184 314 1264 ingruebat
341 1202 397 1243 nox
427 1183 524 1244 nimbo
553 1192 652 1257 atrox,
682 1184 833 1262 hostisque
862 1185 996 1246 clamore⁴
1016 1184 1144 1258 turbido,

98 1273 185 1334 modo
215 1289 269 1349 per
296 1277 406 1329 vastum
435 1269 598 1341 silentium,
630 1267 758 1329 incertos
794 1269 969 1330 obsessores
992 1271 1145 1341 effecerat,

99 1376 162 1420 cnm
185 1354 310 1416 Sabinus
334 1353 501 1426 circumire,
531 1353 643 1414 hortari
673 1373 710 1413 ne
738 1353 773 1414 ad
795 1353 928 1432 ambigua
959 1353 1073 1414 sonitus
1096 1362 1146 1415 aut

96 1440 312 1520 simulationem
335 1438 438 1516 quietis
461 1457 576 1498 cassum
598 1438 801 1498 insidiantibus
824 1438 989 1518 aperirent,
1018 1438 1071 1499 sed
1093 1457 1146 1500 sna

98 1527 230 1606 quisque
255 1522 353 1583 munia
386 1534 551 1592 servarent,
591 1522 704 1583 immoti
739 1523 860 1600 telisque
892 1542 952 1583 non
981 1523 1011 1584 in
1039 1523 1144 1587 salsum

60 1621 87 1671 15
98 1611 191 1672 iactis.
243 1609 356 1669 lnterea
385 1607 499 1668 barbari
527 1607 650 1668 catervis
678 1607 864 1668 decurrentes
892 1626 970 1668 nunc
991 1609 1021 1668 in
1042 1608 1195 1672 vallumbl

98 1693 345 1764 mandabamus,
369 1701 520 1770 praeustas
543 1691 647 1763 sudes,
676 1691 772 1751 decisa
795 1692 901 1751 robora
924 1693 1034 1764 iacere,
1068 1710 1146 1754 nunc

99 1777 231 1855 virgultis
252 1785 280 1837 et
300 1778 426 1837 cratibus
450 1784 478 1836 et
499 1775 672 1855 corporibus
697 1774 836 1836 exanimis
860 1775 1008 1854 complere
1035 1777 1144 1837 lnssas.
1199 1842 1207 1853 ,

100 1862 224 1936 Quidam
251 1862 348 1940 pontis
379 1872 407 1920 et
429 1861 521 1921 scalas
544 1869 611 1920 ante
632 1859 761 1920 fabricati
790 1859 898 1920 inl'erre
919 1861 1146 1939 propugnaculis

99 1966 190 2026 eaque
213 1964 349 2026 prensare
377 1945 530 2006 detrahere
558 1953 588 2005 et
613 1939 764 2005 adversum
791 1944 957 2005 resistentis
980 1944 1144 2005 comminus

59 2032 161 2095 boniti.
198 2030 279 2093 lliles
302 2040 402 2092 contra
424 2031 579 2092 deturbare
592 2029 669 2102 telis,
692 2029 799 2109 pellere
814 2029 1000 2101 umbonibus,
1023 2029 1146 2090 muralia

97 2117 163 2196 pila,
185 2125 339 2195 congestas
361 2115 486 2194 lapidum
503 2115 595 2176 moles
611 2115 793 2193 provolvere.
826 2114 879 2174 llis
893 2123 993 2192 partae
1007 2114 1146 2176 victoriae

99 2220 167 2282 spes
196 2212 240 2273 et,
273 2201 296 2261 si
329 2201 444 2273 cedant,
478 2199 644 2278 insignitius
673 2199 827 2279 flagitium,
859 2199 915 2259 illis
939 2208 1066 2260 extrema
1088 2200 1146 2261 iam

97 2287 175 2348 salus
205 2297 234 2347 et
261 2285 437 2346 adsistentes
466 2286 613 2365 plerisque
640 2293 749 2346 matres
779 2292 807 2344 et
829 2285 967 2363 coniuges
989 2302 1147 2365 earumque

98 2370 220 2433 lamenta
242 2371 352 2432 addunt
373 2370 495 2432 animos.
532 2371 595 2431 Nox
617 2370 681 2431 aliis
703 2369 733 2430 in
759 2369 915 2443 audaciam,
938 2368 1002 2430 aliis
1025 2370 1059 2430 ad
1081 2371 1146 2431 lor-

62 2455 238 2517 tbmidinem
263 2463 423 2533 oportuna3
450 2455 551 2517 incerti
572 2455 663 2526 ictus,
685 2455 803 2517 vulnera
826 2454 990 2534 inprovisa3
1023 2474 1146 2517 suorum

99 2549 185 2620 atque
207 2541 335 2602 hostium
358 2540 502 2617 ignoratio
525 2550 554 2601 et
574 2542 683 2601 montis
706 2542 835 2600 anfractu
856 2558 1048 2618 repercussae
1069 2541 1148 2601 velut

100 2644 115 2686 a
139 2635 220 2703 tergo
241 2642 328 2685 voces
350 2624 423 2684 adeo
445 2633 545 2685 cuncta
567 2624 744 2686 miscuerant
765 2635 797 2686 ut
811 2621 950 2705 quaedam
967 2623 1146 2704 munimenta

126 2820 174 2883 51).
193 2830 215 2878 5.
231 2841 375 2891 properum
392 2824 477 2886 finem.
504 2823 530 2874 ln
549 2825 596 2875 den
647 2827 713 2876 steht
737 2841 758 2875 c,
774 2827 807 2876 46
830 2823 945 2887 incultu,
973 2823 1006 2872 ‘in
1023 2822 1145 2882 uolnere,

96 2893 226 2958 folgenden
237 2892 346 2944 Worten
362 2892 597 2959 abrumpendaa-
646 2895 696 2944 und
720 2893 748 2944 ll.
765 2893 785 2941 l.
805 2893 837 2943 48
857 2892 1065 2956 proconsulatu,
1096 2892 1148 2942 ‘als

97 2962 235 3013 clamitans
261 2960 322 3023 liegt
350 2963 404 3011 dem
432 2960 506 3012 Since
535 2962 596 3011 nacla
645 2961 794 3018 Proconsul,
823 2961 871 3009 und
894 2975 941 3009 von
968 2961 1014 3010 der
1029 2960 1087 3011 Zeie
1103 2960 1147 3012 lll.

96 3031 157 3079 anob
176 3029 220 3080 das
239 3028 324 3078 bierzn
340 3029 597 3092 gedacbteallgemci-
646 3031 677 3082 28
703 3031 879 3079 mmmciratu.
929 3028 1011 3079 Ueber
1026 3027 1149 3094 {dbnlicbo

96 3112 155 3147 nere
172 3097 291 3147 mudena.
646 3096 760 3147 Ablativc
784 3097 829 3147 mit
845 3097 924 3147 ciuem
943 3095 1043 3149 Genltiv
1066 3115 1097 3149 zu
1115 3097 1147 3148 ll.

132 3166 170 3215 13.
189 3181 296 3215 cussum.
333 3165 357 3214 S.
378 3181 407 3215 zu
425 3164 445 3215 l.
458 3167 499 3216 lt.
645 3164 663 3215 l.
680 3166 721 3216 23.
751 3165 807 3228 vgr.
828 3165 929 3227 Madvig
946 3165 1022 3232 §257
1041 3168 1111 3217 dnm.
1122 3168 1147 3218 2.

129 3227 181 3288 51.Ι
208 3236 245 3284 15.
258 3235 389 3296 ,οαίενυίε,
412 3233 466 3283 Abi.
488 3233 533 3283 der
550 3236 596 3283 Art
645 3235 720 3300 §tto
739 3235 808 3283 Anrn.
822 3235 846 3284 2.

99 3301 146 3349 und
159 3298 255 3360 Weise‚
281 3301 313 3350 ‘in
331 3301 470 3356 Schaaren'.
491 3316 531 3350 wo
548 3317 596 3366 per
678 3300 784 3364 uallum,
802 3300 842 3351 die
853 3301 945 3365 laudea,
961 3314 1050 3351 wcvou
1070 3318 1093 3351 e.
1105 3304 1147 3354 to.

96 3374 215 3418 catervas
227 3368 409 3431 gewdbnlicber
419 3371 496 3426 wire,
506 3368 592 3419 wiell.
679 3369 717 3419 18.
735 3370 958 3433 propugnaculo,
979 3367 1072 3418 Zinnen
1099 3369 1149 3419 und

97 3434 127 3486 V.
138 3439 168 3488 16
183 3435 272 3487 Civile
288 3435 360 3487 baud
372 3439 495 3501 porrecto
510 3439 595 3500 5ρηί-
644 3432 760 3486 Thuriae.

96 3504 190 3567 ne,eed
198 3502 595 3555 mneieodstitit.Leichtersind
680 3505 718 3555 26.
737 3503 808 3552 velut
830 3519 846 3552 α
870 3508 943 3568 tergo
967 3505 1055 3566 gebdrt
1079 3503 1147 3553 bloss

97 3571 126 3621 H.
145 3570 237 3624 11110.
258 3572 299 3624 lV.
312 3575 352 3624 81.
373 3571 403 3623 V.
422 3573 452 3622 15
469 3571 595 3635 singultu,
647 3586 768 3635 euboeae,
778 3570 844 3622 nicht
855 3587 885 3620 zu
897 3587 1081 3636 repercussae:
1097 3571 1146 3620 ‘die

94 3642 208 3704 genem,
235 3646 316 3690 cantu
333 3641 392 3689 uach
411 3638 530 3702 Analogia
548 3655 596 3689 von
646 3655 677 3689 an
695 3640 741 3690 der
758 3639 868 3702 Biegung
892 3639 936 3689 des
955 3640 1059 3704 Gebirgs
1086 3639 1148 3689 wie·

96 3707 495 3774 clamorenndstrepr'tugcsetzt.
515 3708 596 3757 Aehn-
647 3706 821 3758 derbnlleudcn
839 3707 916 3764 aare,
944 3707 981 3759 als
1005 3707 1147 3759 linicasio

95 3772 141 3825 licb
162 3776 213 3826 Cio.
235 3776 265 3824 de
284 3775 333 3824 div.
351 3775 489 3833 1151111
507 3772 595 3826 uume-
645 3791 692 3826 von
706 3776 803 3834 linter,
817 3775 853 3826 uls
864 3775 894 3825 ob
904 3774 996 3825 Fcinde
1007 3777 1037 3827 im
1046 3776 1147 3827 Rbelen

94 3858 125 3892 ro
140 3859 271 3908 ueraeque
279 3847 460 3907 procreatione,
479 3844 527 3893 wic
539 3858 617 3895 man·
646 3846 750 3894 elindeo
779 3845 826 3893 und
849 3858 896 3892 uon
921 3840 994 3892 ibnen
1020 3845 1060 3894 die
1083 3844 1148 3895 aare

96 3920 152 3974 sagr
181 3912 298 3960 verubus
328 3912 447 3960 seribere.
496 3911 594 3968 ilbenso
646 3912 791 3975 ausgingeu.
845 3936 848 3940 Δ
