2550 4350
123 272 183 334 176
222 325 229 341 ,
427 320 432 330 .
518 277 676 332 connati!
692 274 806 355 Tbffll
1057 282 1189 346 (ruunt

120 437 282 520 praecipua
310 454 380 497 cura
408 446 462 509 est,
492 435 534 495 rei
565 435 775 497 frumentariae
801 433 967 512 angustias,
996 433 1026 493 si
1050 434 1185 512 abesset,

119 522 273 584 metuenti.
317 522 444 581 Senatus
471 529 501 580 et
527 520 676 599 primores
705 518 873 605 in-incerto
895 527 989 591 erant,
1015 521 1130 598 procul
1150 541 1185 584 an

121 626 221 669 coram
252 605 382 666 atrocior
408 604 583 677 baberetur,
616 603 734 681 debinc,
768 622 843 682 quae
869 611 975 664 natura
1004 606 1131 682 magnis
1152 607 1186 667 ti-

68 692 108 758 37
120 691 264 761 moribus,
286 690 419 751 deterius
441 689 601 751 credebant
622 690 701 768 quod
725 697 871 750 evenerat.
912 688 982 780 lpse
1007 692 1183 767 quotidem

120 776 288 856 acquireret
316 774 390 834 nihil
418 793 542 853 usquam
570 773 694 853 perinde
721 773 832 834 laetum
854 772 923 846 sibi,
951 772 1089 852 publicis
1111 775 1203 838 locist

119 872 234 923 struere
262 859 396 920 convivia
425 868 545 938 totaque
574 858 646 919 urbe
670 857 755 937 quasi
777 857 866 918 domo
888 857 941 918 uti.
985 857 1026 918 Et
1048 859 1182 922 celeber-

120 946 214 1007 rimae
242 943 311 1004 ltrnu
336 943 475 1022 famaque
503 942 608 1022 epulae
630 944 722 1013 luere,
752 961 825 1021 ques
847 961 864 1003 a
886 941 1039 1019 Tigellino
1062 953 1177 1023 paratas

119 1039 153 1091 ut
180 1029 347 1108 exemplum
375 1029 511 1100 aeleram,
540 1046 578 1088 ne
606 1031 728 1106 saepius
758 1028 862 1088 eadem
889 1026 1085 1104 prodigentia
1116 1048 1179 1090 nar·

120 1115 210 1176 rande
240 1114 290 1174 sit.
334 1112 427 1190 lgitur
453 1114 482 1174 iu
512 1122 616 1190 stagno
638 1112 787 1191 Agrippae
817 1111 978 1172 fabricatus
1001 1120 1054 1174 est
1076 1123 1177 1186 ratem,

71 1250 73 1257 ,
121 1198 169 1261 cui
197 1197 419 1278 superpositum
447 1197 613 1258 convivium
641 1197 758 1258 navium
780 1196 904 1258 aliarum
925 1204 1023 1258 bactu
1046 1207 1208 1260 movere-tt

120 1292 177 1344 tur.
200 1284 295 1343 Nares
318 1301 389 1342 auro
413 1289 442 1341 et
464 1281 553 1342 ebore
576 1281 751 1353 distinctae;
781 1281 969 1360 remigesque
993 1283 1108 1344 exoleti
1129 1302 1183 1364 per-

5 1378 9 1389 '
120 1377 232 1429 aetates
261 1375 291 1426 et
317 1365 472 1426 scientiam
494 1365 650 1425 libidinum
675 1364 941 1443 componebantur.
985 1366 1135 1430 Volucres
1155 1376 1182 1430 et

119 1454 198 1513 seras
222 1450 346 1512 diversis
369 1469 385 1509 e
410 1449 496 1510 terris
519 1459 548 1510 et
570 1448 708 1510 animalia
732 1449 823 1510 maris
840 1449 960 1511 Oceano
977 1451 1116 1533 abusque
1130 1472 1180 1533 pe

120 1537 234 1598 tiverat.
258 1534 467 1613 Crepidinibus
490 1535 587 1612 stagni
609 1534 763 1614 lupanaria
786 1535 924 1596 astabant
944 1534 1116 1599 illustribus
1138 1539 1179 1598 le-

119 1621 209 1682 minis
238 1619 395 1698 completa,
425 1628 455 1680 et
483 1629 586 1681 contra
614 1628 711 1681 scorta
734 1619 907 1681 uisebantur
928 1620 1019 1681 nudis
1044 1622 1210 1701 corpori-tt

119 1707 185 1767 bus.
237 1705 296 1765 lam
327 1716 427 1783 gestus
454 1713 612 1784 motusque
634 1703 774 1776 obsceni3
805 1713 834 1765 et
855 1713 1016 1782 postquam
1040 1707 1179 1768 tenebrae

118 1789 305 1860 incedebant,
329 1800 469 1870 quantum
493 1792 571 1851 iuxta
595 1790 725 1850 nemoris
748 1797 778 1850 et
800 1788 989 1851 circumiecta
1013 1800 1095 1852 tecta
1110 1810 1180 1853 con·

119 1895 227 1937 souare
250 1884 338 1936 cantu
361 1883 391 1934 et
411 1874 574 1935 luminibus
597 1874 774 1935 clarescere.
815 1874 884 1952 lpse
905 1892 961 1952 per
981 1874 1069 1937 licita
1093 1888 1180 1956 atque

117 1960 229 2021 inlicita
251 1961 385 2020 foedatus
407 1958 482 2018 nibil
504 1958 609 2035 flagitii
630 1959 793 2038 reliquerat
807 1976 865 2037 quo
880 1959 1054 2038 corruptior
1069 1971 1177 2040 ageret,
1224 2040 1226 2045 .

118 2045 178 2105 nisi
200 2063 313 2122 paucos
334 2052 403 2120 post
424 2043 488 2102 dies
511 2043 562 2103 uni
585 2062 620 2103 ex
642 2043 694 2104 illo
717 2043 984 2104 contaminatorum
1002 2061 1096 2124 grege
1111 2050 1209 2122 (no-ta

119 2148 187 2190 men
204 2129 389 2206 Pythagorae
411 2127 478 2203 luit)
501 2127 532 2187 in
554 2127 676 2189 modum
698 2127 887 2188 sollemnium
902 2128 1115 2207 coniugiorum
1130 2132 1180 2192 de-

118 2213 283 2292 nupsisset.
326 2210 456 2272 luditum
486 2212 661 2290 imperatori
691 2213 869 2286 flammeum,
897 2213 984 2274 missi
1019 2216 1177 2296 auspices3

119 2299 173 2357 dos
207 2304 236 2355 et
268 2294 394 2371 genialis
426 2305 508 2356 torus
541 2305 571 2356 et
603 2297 683 2356 laces
716 2297 874 2374 nuptiales,
909 2308 1016 2359 cuncta
1048 2301 1177 2381 denique

119 2388 251 2458 spectata
274 2397 348 2456 quae
372 2377 459 2438 etiam
483 2381 514 2439 in
536 2378 647 2439 femina
670 2398 727 2440 non
750 2380 857 2459 operit.

67 2466 107 2529 38
204 2462 345 2540 Sequitur
368 2463 477 2536 clades,
503 2464 581 2524 lorte
603 2482 640 2524 an
664 2464 733 2525 dolo
755 2465 902 2546 principis
924 2465 1077 2531 incertum
1099 2471 1213 2547 (namna

118 2555 275 2625 utrumque
298 2555 435 2608 auctores
464 2548 652 2627 prodidere),
682 2551 735 2611 sed
758 2551 895 2612 omnibus
919 2570 994 2630 quae
1018 2553 1093 2615 huic
1114 2553 1178 2616 urbi

117 2651 173 2713 per
195 2631 365 2694 violentiam
387 2632 499 2711 ignium
522 2634 696 2696 acciderunt
717 2636 835 2713 gravior
848 2646 936 2714 atque
951 2638 1097 2700 atrocior.
1118 2641 1178 2702 lui-

117 2719 190 2779 tium
219 2719 250 2778 in
274 2737 306 2779 ea
329 2727 413 2798 parte
436 2718 509 2781 circi
532 2731 628 2781 ortum
652 2739 726 2799 quae
748 2720 882 2783 Palatino
906 2720 1070 2802 Caelioque
1093 2742 1177 2786 mon·

118 2804 198 2864 tibus
221 2804 359 2882 contigua
383 2812 443 2879 est;
467 2805 517 2866 ubi
535 2824 590 2885 per
606 2805 752 2879 tabernas,
776 2806 883 2886 quibus
899 2804 929 2865 id
945 2808 1176 2871 mercimonium

116 2972 199 3021 seiner
222 2971 399 3022 Anwcscnbeit
421 2986 509 3022 waren
536 2969 619 3036 Spiele
704 2974 745 3024 21.
765 2972 935 3038 Pythagorae
952 2973 986 3024 ist
1003 2974 1051 3025 der
1067 2974 1176 3027 Genitiv.

115 3039 165 3088 und
189 3039 499 3088 anderetllcstlichleiten
525 3055 556 3087 zu
580 3054 619 3088 er·
671 3039 697 3091 S.
717 3057 749 3089 zu
765 3039 797 3090 Il.
820 3043 859 3093 16.

114 3113 221 3155 werten.
242 3107 311 3154 Aucb
329 3105 495 3154 wurdedaun
508 3104 620 3156 dieVer-
647 3158 650 3162 Α
704 3109 745 3160 22.
768 3110 844 3156 misai
865 3111 985 3174 auspices
1008 3125 1066 3160 vona
1084 3110 1179 3178 Pytho-

131 3171 317 3232 rovianticrung
335 3171 380 3221 der
395 3172 470 3221 Stadt
487 3187 527 3222 um
541 3173 620 3238 jeden
671 3191 757 3238 goras,
783 3174 832 3225 wie
856 3184 925 3225 sonst
947 3192 1004 3226 voin
1027 3176 1179 3230 Vcrlobten.

114 3189 186 3289 i‘reis
210 3237 368 3300 hengestellt,
400 3239 478 3290 demit
501 3255 530 3290 er
552 3241 621 3294 nicbt
673 3243 699 3292 S.
719 3258 750 3291 zu
773 3239 818 3291 Xl.
840 3243 881 3294 27.
910 3242 963 3295 luv.
987 3247 1026 3301 10.
1048 3247 1100 3299 333
1122 3247 1178 3297 Du·

115 3306 191 3356 durch
210 3305 250 3356 die
263 3306 483 3358 Unzulriedenhcit
493 3309 621 3362 desVollrs
672 3309 734 3359 dam
750 3309 823 3359 sedet
838 3311 887 3362 illa
896 3318 995 3378 parato
1004 3312 1177 3377 Flammam,

116 3373 394 3424 Unannebmliebkeiteu
412 3376 483 3427 habe.
670 3405 703 3414 —
720 3380 890 3444 nantoacum
917 3383 1102 3445 signatoribus
1129 3395 1178 3432 aa·

148 3439 198 3498 37.
223 3445 247 3495 9.
258 3448 354 3508 stagno
373 3444 519 3512 Agrippae,
536 3447 620 3499 wabr·
669 3459 742 3509 sputo.

115 3510 247 3562 scbeinllob
267 3512 313 3561 aul
328 3512 383 3563 dem
401 3530 509 3581 campos
520 3516 619 3580 Agrip·
702 3507 756 3570 88.
781 3516 821 3567 29.
842 3530 890 3581 per
917 3517 1041 3566 tabernae
1067 3531 1100 3567 an
1130 3517 1179 3567 der

111 3595 171 3646 pae,
190 3578 278 3630 dstlicb
296 3596 352 3632 votn
369 3598 478 3648 campas
495 3583 616 3633 Martiae.
668 3581 787 3632 dusseren
806 3582 875 3633 Seite
893 3583 937 3633 des
945 3583 1040 3642 Circus,
1062 3600 1113 3635 von
1130 3585 1179 3636 der

99 3664 100 3669 ¹
152 3650 189 3699 10.
216 3648 339 3715 aliarum,
368 3651 449 3700 indem
473 3650 543 3700 Floss
567 3649 617 3698 und
666 3645 763 3717 Dionys
780 3649 823 3700 ΙΙΙ.
845 3653 876 3703 68
903 3659 960 3714 sugt
984 3646 1044 3701 ἔστι
1070 3647 1104 3704 δὲ
1128 3649 1177 3705 καὶ

115 3714 194 3765 Sobill'
207 3723 281 3768 untcr
298 3719 370 3769 einen
382 3715 618 3782 gemeinsamenBu·
666 3714 728 3786 πὲρὶ
746 3714 794 3767 τὸν
813 3713 984 3786 ἱππόδρομον
998 3714 1106 3776 ilud&
1121 3717 1177 3773 tra-

113 3782 173 3845 griff
188 3784 271 3835 fallen.
667 3800 702 3866 pu
720 3781 788 3834 στοὰ
804 3781 979 3854 μονόστεγος,
1002 3781 1177 3871 ipyaaaq'ptoe

149 3854 187 3903 13.
200 3847 615 3918 Oceaaoabaaqae.S.qulll.l'l.
666 3866 766 3918 εχοοσα
782 3847 811 3904 ἒν
829 3848 897 3924 αὑτῇ
912 3851 958 3906 καὶ
975 3848 1093 3916 oiaeqaatr
1105 3854 1175 3925 νπὲρ

112 3916 198 3969 Marta
216 3921 304 3981 gehdrt
321 3936 352 3970 zu
370 3918 504 3970 animalia.
666 3914 744 3971 αὐτά.
850 3947 854 3953 -
1013 3940 1015 3945 ’
