2550 4350
94 216 216 278 ,anau
313 212 353 262 aa
373 209 522 263 excessu
538 208 606 301 nrm
624 208 764 262 ancusrr
780 210 824 263 rv.
844 175 939 265 sassa.
1077 202 1138 265 255

94 369 221 448 deligere
242 383 296 445 per
317 365 490 427 modestiam
512 364 666 439 abnuebat,
691 364 822 427 Valerius
842 364 921 426 Naso
945 383 961 426 e
981 368 1136 443 praetoriis

91 463 172 516 sorte
194 451 302 512 missus
325 458 381 511 est.
501 521 504 525 .
943 487 947 492 -

177 537 254 597 lnter
276 554 348 613 qnae
370 535 418 595 diu
439 534 577 595 meditato
597 533 769 613 prolatoque
790 532 907 611 saepuus
928 532 1050 594 consilio
1071 541 1136 595 tan·
1147 542 1187 604 57

95 624 161 683 dem
188 621 290 682 Caesar
318 619 347 679 in
376 618 574 698 Campaniam,
597 619 714 698 ,speeie
747 617 897 680 dedicandi
926 618 1034 696 templa
1060 619 1137 697 apud

67 708 218 785 ussapuam
241 704 317 775 lovi,
351 705 426 783 apud
448 703 549 764 Nolam
570 703 716 782 bagusta,
748 703 800 763 sed
823 711 919 764 certus
941 703 1044 781 procul
1066 704 1137 766 urbe

94 793 207 869 degere.
241 789 363 850 Causam
385 789 543 849 abscessus
565 806 738 867 quamquam
760 797 877 849 secutus
900 786 1043 865 plurimos
1066 807 1136 850 ann·
1161 829 1163 833 «

91 886 187 937 torum
212 875 246 936 ad
269 873 366 949 Seiam
387 883 464 935 artes
485 872 600 945 rettuli,
625 873 691 951 quia
714 881 807 934 tamen
830 872 917 933 caede
940 872 1003 933 eius
1024 881 1135 952 patrata

91 981 142 1023 sex
163 969 264 1040 postea
287 977 382 1019 anuos
401 958 463 1037 pari
486 966 600 1018 secreto
622 958 784 1030 coniunxit,
817 957 987 1036 plerumque
1014 976 1135 1037 permo-

89 1064 162 1106 veor
184 1063 252 1106 num
274 1044 310 1103 ad
332 1045 428 1122 ipsum
450 1042 551 1104 reterri
573 1041 671 1103 verius
692 1043 741 1114 sit,
764 1042 911 1105 saevitiam
933 1061 966 1103 ac
985 1042 1135 1104 libidinem

54 1143 157 1192 tonum
181 1129 262 1190 lactis
282 1136 446 1206 promeret,
467 1128 538 1188 locis
561 1127 762 1188 occultantem.
804 1127 896 1188 Erant
916 1127 965 1205 qui
986 1129 1138 1190 crederent

91 1217 120 1276 in
142 1216 294 1275 senectute
314 1212 449 1292 corporis
469 1231 586 1292 quoque
607 1211 736 1273 habitum
767 1212 872 1290 pudori
894 1212 1000 1273 luisse:
1029 1215 1136 1292 quippe

90 1301 131 1361 illi
152 1297 339 1378 praegracilis
366 1308 396 1357 et
417 1298 535 1359 incurva
560 1296 740 1375 proceritas,
775 1298 869 1358 nudus
898 1297 1002 1375 capillo
1029 1308 1135 1372 vertex,

90 1385 223 1446 ulcerosa
245 1383 332 1444 iacias
356 1400 389 1442 ac
408 1382 578 1461 plerumque
600 1381 839 1443 medicaminibus
869 1381 1059 1443 interstincta.
1101 1383 1139 1444 Et
1185 1440 1188 1448 ,

91 1469 185 1529 Rhodi
209 1467 321 1528 secreto
350 1467 439 1527 vitare
465 1477 581 1538 coetus,
617 1467 777 1527 recondere
805 1467 966 1546 voluptates
996 1467 1135 1529 insuerat.

57 1553 229 1614 intruditur
249 1553 334 1612 etiam
358 1552 458 1611 matris
480 1551 638 1630 inpotentia
661 1562 826 1624 extrusum,
850 1570 937 1630 quam
958 1553 1135 1613 dominatio-

91 1638 138 1698 nis
161 1638 267 1704 sociam
291 1635 500 1714 aspernabatur
520 1653 614 1714 neque
636 1635 782 1714 depellere
803 1644 927 1714 poterat,
950 1655 1015 1696 cum
1038 1637 1135 1699 domi-

93 1720 239 1782 nationem
266 1723 368 1801 ipsam
392 1722 498 1781 donum
520 1720 597 1786 ‘eius
628 1720 797 1797 accepisset.
852 1718 923 1780 Nam
956 1720 1137 1783 dubitaverat

91 1806 475 1886 Augustusssermanieum,
498 1803 610 1865 sororis
633 1812 768 1880 nepotem
797 1815 826 1863 et
847 1805 957 1865 cunctis
979 1804 1135 1879 laudatum,

91 1891 136 1951 rei
158 1889 302 1951 Romanae
324 1891 489 1968 imponere:
520 1889 574 1950 sed
600 1888 737 1966 precibus
763 1889 863 1948 axoris
886 1889 993 1948 erictus
1017 1889 1137 1950 Tiberio

52 1988 82 2038 20
94 1977 313 2048 Germanicum,
344 1974 399 2036 sibi
422 1973 570 2055 Tiberium
598 1971 725 2033 adscivit.
767 1972 857 2051 ldque
878 1974 1005 2052 Augusta
1028 1992 1137 2052 expro-

90 2060 204 2133 brabat,
225 2059 407 2141 reposcebat.
444 2058 589 2120 Profectio
613 2068 674 2118 arto
698 2057 834 2119 comitatu
847 2059 924 2120 luit:
947 2077 1023 2120 unus
1037 2078 1133 2144 sena·
1146 2063 1186 2126 58

125 2233 144 2280 l.
163 2227 287 2278 Valeriae
298 2226 373 2278 Naso
388 2244 402 2277 a
415 2232 501 2293 praet
530 2225 586 2290 vgt
639 2225 718 2287 ebung
740 2223 874 2286 lortgelebt
895 2225 952 2276 bat’.
998 2226 1138 2289 lligeotlieb

91 2313 120 2346 zu
138 2296 221 2349 lton.
250 2294 252 2298 ⁴
506 2352 509 2356 ¹
638 2293 1141 2346 nioeaaoderunonrerhmotentore*

125 2358 172 2420 57.
190 2367 213 2416 4.
232 2366 260 2412 in
271 2361 449 2428 Campaniam.
474 2365 525 2413 bns
543 2363 588 2413 tler
639 2361 738 2420 setzen',
760 2362 808 2411 wie
826 2360 868 2411 Vl.
879 2363 920 2412 26.

90 2430 211 2494 Ricbtong
227 2431 340 2480 verstebt
357 2431 407 2480 sieb
426 2430 588 2482 dasVarbnnr
670 2429 823 2495 plerumque
830 2445 985 2494 permoveor
997 2432 1138 2484 ‘iobwerde

89 2500 134 2550 der
150 2499 292 2562 bewegnng
308 2514 356 2547 vnn
373 2498 458 2549 selbst.
489 2497 588 2551 xiva
638 2497 1138 2558 gewdbnlieb'twennicbdarnibernaeb·

91 2570 174 2616 anaia
198 2567 350 2632 Agrippina
377 2566 449 2630 'quod
472 2583 548 2616 atam
570 2583 587 2616 a
638 2565 857 2626 denketbewegt’,
870 2566 921 2614 db.
934 2566 1136 2618 ‘iobsebwanle’.

90 2635 156 2697 filio,
165 2650 198 2683 ac
208 2650 241 2683 ne
249 2635 384 2699 Agerinus
391 2634 501 2698 qnidam.
527 2634 587 2685 Sall.
640 2630 691 2681 uer
707 2633 837 2682 busdruclr
855 2634 889 2682 ist
906 2649 961 2682 nea.

89 2701 146 2765 lag.
169 2705 216 2753 too
232 2703 301 2752 Dein
317 2701 427 2765 mmm,
445 2703 486 2751 uti
503 2717 590 2768 coepe·
675 2701 713 2752 ta.
729 2700 848 2750 ulcerosa
871 2699 967 2763 samaa,
989 2717 1038 2750 von
1054 2703 1139 2764 autpe-

89 2776 146 2834 rat‚
171 2772 199 2818 a'n
222 2771 338 2820 hiberna.
381 2768 437 2818 Liv.
455 2768 589 2827 Xbl.3·,b
638 2782 764 2830 gangenen
802 2768 982 2826 Gesalawriren,
1019 2784 1138 2831 wogegen

93 2837 165 2888 lianc
182 2838 284 2888 demam
307 2839 416 2887 nunnus
433 2836 470 2886 ad
486 2839 590 2887 tertiam
639 2837 700 2885 anob
713 2836 755 2886 die
764 2835 871 2886 Pbaster
879 2837 893 2895 t
894 2836 1081 2900 medicamina)
1096 2853 1139 2888 an·

92 2907 219 2971 legionem
236 2905 416 2956 reuocandam.
451 2904 541 2956 xciv.
558 2906 590 2956 nt
639 2905 757 2965 gavandi
784 2905 896 2954 worden.
941 2905 1008 2956 Soet
1029 2904 1086 2956 Tib.
1106 2908 1138 2960 68

28 2980 34 2991 ’
91 2973 189 3023 dadan
214 2978 326 3037 tempore
351 2973 387 3023 ad
401 2973 542 3024 Eumenem
566 2978 593 3023 et
639 2972 837 3037 fadeboneata,
854 2976 1140 3037 manutenuerunt
1250 2992 1253 2997 ·

91 3041 127 3090 ad
149 3041 308 3090 Antiochum
336 3045 483 3092 communia
515 3057 588 3092 mara-
639 3047 666 3088 ct
679 3042 760 3090 auditi
777 3046 897 3092 tumores.

90 3109 160 3156 data.
196 3108 261 3158 l'lor.
282 3107 322 3158 lll.
338 3112 361 3166 6,
381 3112 409 3161 tt
433 3110 492 3176 lpse
513 3110 588 3160 Pom·
673 3110 711 3159 tl.
734 3107 821 3159 litandi
843 3112 917 3172 bangt
942 3110 974 3160 ab
996 3128 1052 3162 vom
1076 3112 1138 3163 Sub·

88 3178 170 3292 [ἧψε.
181 3177 209 3224 a‘n
226 3179 354 3241 orig-tm
365 3176 516 3244 fontanaque
527 3177 589 3228 nette
637 3176 734 3295 staeltiu1
751 3183 856 3227 soereto.
901 3177 984 3229 Ucber
1000 3181 1040 3230 die
1058 3181 1138 3232 Saena

112 3259 121 3291 a
143 3258 217 3293 mam.
637 3260 667 3292 zu
698 3280 704 3292 .
736 3281 741 3291 .

87 3309 587 3430 1.ratttrcndntndmt
639 3314 716 3428 dt.
735 3311 1054 3446 “aluntdmlt?
1072 3316 1136 3435 llll

86 3445 153 3496 bilde
177 3445 222 3496 des
244 3449 379 3498 rbmiscben
405 3447 523 3499 erbauten
541 3447 588 3497 Ca·
637 3453 705 3496 suast
728 3448 880 3507 gewdbnlicb
904 3465 950 3499 von
978 3453 1032 3503 dem
1050 3461 1138 3516 gesagt

88 3513 158 3579 pitol.
201 3514 268 3566 Suet.
288 3515 344 3566 Tib.
356 3518 388 3567 40
406 3529 465 3564 cum
482 3513 587 3580 Capuam
637 3515 683 3564 der
700 3514 1133 3579 niebtgeneigtistEtwaszutlun,

90 3581 261 3648 Capitolium,
289 3583 375 3634 Nolae
393 3581 516 3648 templum
532 3582 586 3632 Au-
636 3583 856 3655 hiermngekebru
877 3584 1137 3649 nicbtwenigearieb-

84 3653 161 3713 gnati
176 3651 325 3702 dedicasset.
369 3650 450 3702 Ueber
467 3651 540 3716 apud
555 3667 586 3700 au
636 3652 672 3713 εἰς
696 3651 745 3701 und
769 3667 829 3708 neu,
860 3652 908 3701 wie
933 3668 954 3702 c.
969 3656 1001 3705 42
1025 3657 1078 3704 dam
1105 3674 1136 3707 an

88 3717 108 3765 l.
120 3721 143 3768 5.
639 3720 1132 3781 mactantemgesetztwirdmonans.

121 3789 143 3836 t.
163 3785 259 3836 rettuli.
297 3785 375 3838 041.
635 3786 719 3836 Ueber
735 3785 1001 3838 dieVerwa‘ndtsebast
1018 3789 1137 3841 desller-

121 3854 142 3903 8.
163 3854 302 3903 condonarit
340 3854 415 3902 ‘ohne
453 3852 585 3905 Unterbre-
635 3855 744 3905 monicus
761 3854 809 3903 and
828 3855 952 3913 doersum
970 3871 1001 3905 aa
1019 3855 1037 3904 l.
1052 3858 1093 3908 42.
