2750 4466
196 343 287 408 ¹tto
610 347 897 403 cometarium
1121 325 1126 332 “
1171 351 1293 414 (easta

172 518 214 580 43
228 513 365 575 Catemm
388 506 473 567 urbis
496 523 573 584 quae
595 503 697 566 domui
720 511 907 581 supererant,
935 519 1004 573 non,
1032 509 1067 562 ut
1087 509 1159 580 post
1181 500 1294 564 Gallica

226 593 376 665 incendia,
400 582 699 651 nulla'distinc'tioue
721 605 776 648 uec
798 585 912 666 passim
936 594 1044 660 erecta,
1068 585 1123 646 sed
1146 584 1294 649 dimensis

224 681 359 741 vicorum
388 673 545 736 ordinibus
569 681 598 734 et
620 672 688 733 latis
710 671 825 731 viarum
847 670 964 750 spatiis,
994 668 1188 748 cohibitaque
1212 671 1293 733 aedi-

224 764 361 826 ficiomm
390 757 546 820 altitudine
580 775 615 817 ac
642 756 801 836 patefactis
830 755 909 816 areis
932 752 1102 832 additisque
1123 754 1292 833 porticibus

225 865 302 928 quac
324 847 453 905 frontem
476 840 641 902 insularum
663 848 867 919 protegerent.
895 839 954 900 Eas
976 838 1111 917 porticus
1132 837 1214 899 Nero
1237 851 1316 902 suas

224 929 353 1014 pecunia
383 936 582 989 extructurum
613 930 816 1004 purgatasque
844 941 929 984 areas
958 921 1089 982 dominis
1112 922 1292 985 traditurum

224 1013 379 1097 pollicitus
409 1020 464 1072 est.
508 1008 631 1071 Addidit
657 1008 791 1088 praemia
819 1025 875 1087 pro
899 1007 1044 1086 cuiusque
1067 1006 1171 1070 ordine
1192 1015 1222 1067 et
1243 1008 1292 1068 rei

130 1089 134 1096 ⁴
225 1095 384 1162 familiaris
411 1094 519 1174 copiis,
546 1092 702 1172 laniatque
723 1101 850 1171 tempus
878 1093 957 1152 intra
989 1089 1068 1170 quod
1098 1089 1213 1152 effectis
1236 1091 1292 1152 do-

161 1175 166 1186 '
224 1183 325 1246 mibus
354 1189 406 1241 aut
427 1178 534 1240 insulis
557 1178 776 1258 apiscerentur.
799 1176 910 1237 liuderi
931 1173 1109 1254 accipiendo
1133 1175 1290 1237 Ostienses

224 1267 351 1350 paludes
384 1261 561 1335 destinabat,
593 1261 698 1340 utique
732 1279 833 1334 naves,
868 1278 944 1339 quae
977 1260 1158 1320 frumentum
1186 1260 1326 1321 Tiberino

226 1353 460 1421 subvectassent,
484 1354 609 1408 onustae
631 1346 740 1406 rudere
763 1345 972 1418 decurrerent3
1005 1343 1203 1422 aedificiaque
1225 1345 1290 1442 ipsa

227 1433 308 1498 certa
337 1433 383 1494 sui
411 1440 497 1510 parte
527 1431 592 1491 sine
616 1429 750 1490 trabibus
773 1447 845 1490 saxo
869 1427 984 1489 Gabino
1006 1427 1157 1488 Albanove
1180 1430 1291 1512 solida-

226 1527 339 1589 rentur,
370 1515 464 1595 quod‘
479 1515 505 1574 is
527 1513 606 1593 lapis
628 1512 749 1591 ignibus
772 1512 935 1591 impervius
957 1519 1019 1574 est:
1047 1511 1108 1572 iarn
1131 1529 1209 1590 aqua
1231 1515 1293 1593 pri-

226 1612 361 1666 vatorum
388 1597 705 1676 licentiaintercepta
735 1615 794 1676 quo
816 1596 929 1674 largior
950 1608 981 1656 et
1000 1596 1138 1674 pluribus
1160 1597 1237 1658 locis
1259 1599 1291 1658 in

223 1687 377 1769 publicum
399 1685 515 1755 flueret,
549 1683 707 1756 custodes3
736 1689 766 1742 ct
787 1679 922 1742 subsidia
943 1679 1145 1758 reprimendis
1168 1681 1289 1758 ignibus
1301 1694 1326 1743 15

224 1772 257 1833 in
288 1769 449 1851 propatulo
484 1767 611 1846 quisque
643 1766 777 1838 baberet,
810 1783 867 1826 nec
899 1765 1110 1848 communione
1143 1766 1291 1844 parietum

225 1856 279 1917 sed
301 1852 435 1933 propriis
459 1870 594 1931 quaeque
616 1850 711 1916 muris
733 1849 926 1911 ambirentur.
969 1849 1011 1910 Ea
1034 1867 1069 1910 ex
1092 1845 1291 1913 utilitate'ae-

227 1946 314 2018 cepta
337 1937 477 1997 decorem
500 1953 620 2013 quoque
642 1953 736 1995 novae
760 1932 826 1994 urbi
849 1932 984 1994 attulere.
1007 1931 1101 2000 lirant
1122 1943 1221 1996 tamen
1241 1935 1289 2015 qui
1354 2017 1355 2024 ἵ

226 2023 384 2085 crederent
403 2027 535 2080 veterem
556 2019 638 2079 illam
661 2018 787 2078 formam
801 2016 970 2078 salubritati
989 2015 1084 2095 magis
1100 2019 1290 2093 conduxisse,
1354 2031 1355 2058 ³

226 2105 369 2186 quoniam
396 2102 552 2180 angustiae
580 2102 722 2162 itinerum
748 2107 780 2162 et
807 2101 932 2162 altitudo
962 2110 1107 2162 tectorum
1136 2121 1197 2165 non
1219 2113 1326 2184 per-20
1354 2171 1355 2190 χ

222 2188 295 2251 inde
328 2187 402 2247 solis
435 2205 546 2264 vapore
579 2192 859 2265 perrumperentur:
893 2194 922 2248 at
955 2203 1035 2248 nune
1068 2187 1201 2266 patulam
1223 2189 1290 2250 lati·
1329 2193 1355 2205 ”

223 2273 359 2335 tudinem
383 2279 413 2331 et
434 2271 515 2331 nulla
538 2270 644 2331 umbra
676 2270 831 2330 defensam
855 2268 991 2346 graviore
1013 2280 1097 2332 aestu
1120 2272 1290 2335 ardescere.

171 2362 214 2424 44
224 2357 263 2418 Et
283 2355 359 2414 baec
382 2353 502 2431 quidem
524 2353 663 2414 humanis
685 2352 822 2413 consiliis
843 2353 1083 2432 providebantur.
1105 2355 1172 2414 Mox
1195 2358 1292 2433 petita
1353 2421 1354 2424 ,

225 2439 271 2500 dis
297 2436 416 2514 piacula
446 2434 579 2513 aditique
602 2435 733 2513 Sibyllae
765 2435 845 2510 libri,
880 2457 915 2498 ex
948 2437 1053 2517 quibus
1086 2437 1293 2515 supplicatum
1353 2457 1354 2514 g

223 2520 356 2584 Volcano
385 2527 416 2580 ct
443 2519 543 2580 Cereri
572 2519 842 2600 Proserpinaeque,
878 2540 913 2582 ac
941 2520 1098 2601 propitiata
1126 2521 1201 2582 luno
1232 2535 1327 2602 perta
1353 2527 1354 2571 t

223 2613 387 2676 matronas,
410 2602 539 2682 primum
562 2602 593 2663 in
609 2602 767 2682 Capitolio,
791 2605 901 2666 deinde
924 2607 1002 2685 apud
1015 2605 1179 2685 proximum
1196 2623 1290 2682 mare,

222 2689 303 2752 unde
331 2687 438 2748 hausta
466 2683 541 2766 aq'ua
564 2688 707 2767 templum
732 2701 762 2750 et
783 2690 976 2752 simulacrum
998 2690 1072 2752 deae
1093 2709 1289 2770 perspersum

224 2783 286 2850 est3
319 2781 349 2834 et
376 2771 559 2834 sellisternia
581 2789 617 2834 ac
638 2773 793 2854 pervigilia
817 2775 1005 2836 celebravere
1027 2775 1156 2836 feurioae
1180 2777 1288 2855 quibus

254 2949 306 3012 43.
328 2958 351 3006 1.
369 2957 444 3005 urta‘e
461 2969 529 3020 quae
542 2955 732 3023 domuieaqaer-
783 2955 952 3020 serleitungen
988 2958 1051 3007 nacb
1093 2958 1154 3009 llom
1190 2959 1291 3022 gelribrt

220 3027 300 3072 eram
327 3029 390 3072 ‘was
414 3021 469 3072 sein
492 3022 589 3074 Pallast
612 3040 660 3074 von
685 3025 732 3074 der
783 3024 881 3078 wnrde.

220 3088 296 3138 Stndt
314 3089 386 3150 ribrig
402 3088 480 3139 liess'.
817 3095 857 3142 fb.
877 3090 998 3142 mutodee
1016 3091 1092 3156 bringt
1109 3093 1160 3144 wie
1178 3093 1219 3143 die
1234 3108 1291 3143 vor·

254 3156 278 3205 3.
299 3157 426 3204 vicorem.
446 3156 472 3204 S.
493 3171 524 3202 zu
542 3171 565 3204 c.
586 3158 628 3207 38.
779 3159 955 3222 bergebenden
978 3159 1030 3208 und
1057 3161 1192 3225 folgenden
1215 3161 1291 3212 Scitne

254 3222 279 3270 4.
304 3219 448 3284 patefactis
466 3223 543 3284 areae,
571 3221 653 3272 indem
670 3238 728 3274 man
779 3241 828 3278 von
847 3227 991 3276 destinavit
1007 3226 1047 3276 nb.

220 3286 296 3336 daft'rr
324 3295 408 3348 sorgtc
436 3287 495 3337 dass
522 3287 562 3336 ein
586 3287 660 3340 'then
684 3291 729 3342 des
817 3297 856 3344 17.
877 3308 996 3359 quaeque
1016 3294 1101 3344 ‘Alles'
1120 3296 1145 3345 d.
1166 3297 1190 3345 b.
1214 3295 1290 3360 jedes

107 3371 110 3378 ’
152 3380 157 3385 ·
219 3352 370 3421 Rauplatzes
389 3353 426 3410 als
445 3354 566 3406 Holbaum
583 3357 633 3407 frei
650 3358 726 3410 blieb.
781 3360 910 3412 Gebdude.
930 3360 967 3412 Zu
986 3376 1035 3412 nee
1048 3366 1292 3429 communionepa-

253 3424 277 3474 8.
303 3422 474 3486 intraquod
495 3425 585 3485 gthbrt
603 3442 634 3476 zu
652 3427 728 3490 effec—
779 3430 878 3478 rietum
895 3427 961 3479 wird
979 3428 1291 3495 dasunbeatimmtequic-

121 3507 124 3512 ’
219 3491 253 3542 tie
272 3489 392 3539 domibus
409 3491 571 3542 detinentes.
589 3493 729 3546 Wirmtis·
780 3497 993 3561 quamgednebt.

217 3571 264 3607 sen
287 3571 364 3620 sagen
391 3558 530 3608 ‘innerbnlb
555 3561 601 3611 der
623 3561 660 3612 sie
686 3562 727 3611 die
813 3559 863 3620 44.
884 3566 925 3616 24.
947 3563 989 3613 dis
1009 3563 1229 3623 ‘furdictldtter’,
1250 3578 1290 3614 nm

216 3622 329 3674 Palldste
351 3625 414 3675 oder
437 3625 608 3678 Mietbhaiusor
624 3627 728 3679 *vollen-
778 3630 816 3681 sie
833 3646 864 3680 zu
882 3631 1024 3694 gewinnen.

217 3691 262 3741 det
278 3691 360 3741 baben
377 3694 496 3753 mdesten,
523 3709 564 3744 um
581 3695 619 3744 sie
637 3711 668 3746 zu
687 3711 727 3746 er-
813 3699 854 3749 28.
874 3694 1035 3750 reflectentia
1053 3700 1108 3760 sind
1127 3699 1172 3749 das
1192 3699 1234 3748 fair
1249 3697 1290 3748 die

214 3756 323 3820 langen'.
779 3764 914 3816 Gottionen
932 3781 988 3816 was
1007 3767 1170 3817 lectrstemia
1188 3767 1231 3816 Ιΐιι·
1249 3766 1290 3834 die

251 3827 292 3875 13.
312 3824 420 3888 ignibus
436 3828 580 3891 imper-ariae
597 3833 642 3890 ert,
666 3828 727 3878 weil
779 3829 875 3891 (letter,
908 3833 1009 3884 obwobl
1038 3835 1101 3884 aueb
1125 3834 1289 3884 laefbternia

216 3903 252 3952 er,
262 3890 419 3940 niobtleicbt
429 3893 533 3959 springt.
555 3893 646 3945 Vitruv
656 3893 687 3944 ll.
698 3899 723 3946 'l.
778 3914 826 3948 von
842 3900 934 3950 beiden
958 3901 1097 3964 gebrauebt
1113 3900 1189 3951 wird.
1228 3899 1285 3951 Vol.

251 3969 330 4019 aqua,
354 3957 469 4009 welobes
491 3959 568 4011 durch
587 3960 628 4011 die
646 3961 726 4014 Was·
776 3965 844 4017 Mox.
865 3967 899 4019 ll.
920 3970 942 4027 f,
964 3971 979 4020 2
1001 3968 1127 4020 Feminae
1143 3981 1205 4020 mem
1222 3970 1291 4019 vira
