2550 4350
165 259 211 329 ,60
395 308 397 319 .
562 268 707 328 CORNELI
725 269 837 324 TAClTl
1109 274 1142 338 (a.
1152 281 1231 327 nate

170 446 227 508 que
254 425 440 506 propulsaret
467 425 602 498 bostem,
631 433 730 486 castra
757 424 861 486 metari
889 425 918 486 in
947 426 1013 486 loco
1040 426 1164 505 placuit,
1200 441 1233 491 ut

121 510 247 591 blopus
276 519 305 575 et
331 510 379 571 alii
407 509 551 589 proelium
585 510 758 590 inciperent.
805 510 926 571 Barbari
954 513 1139 590 perfringere
1167 521 1232 574 sta-

172 598 268 658 tiones
291 614 382 674 seque
403 595 513 657 inferre
541 595 740 656 munitoribus
767 596 841 670 nisi,
875 596 1023 657 lacessunt
1050 597 1232 678 circumgre-

171 681 290 752 diuntur
319 687 485 741 occursant.
537 680 675 741 Miscetur
703 681 887 759 operantium
914 680 1143 760 bellantiumque
1171 684 1232 745 ela-

170 785 246 828 mor.
280 764 318 826 Et
339 773 441 826 cuncta
463 765 576 845 pariter'
596 764 737 826 Romanis
760 766 897 826 adversa:
919 766 1003 827 locus
1027 767 1135 845 uligine
1157 781 1259 847 pro-5

172 851 277 923 funda3
309 850 386 912 idem
415 850 449 910 ad
478 851 599 928 gradum
627 848 791 923 instabilis,
826 850 1056 929 procedentibus
1084 851 1232 930 lubricus;

68 960 70 969 ⁴
169 954 295 1015 corpora
323 933 420 1012 gravia
448 934 566 1006 loricis3
602 954 697 1012 neque
718 934 826 996 librare
848 934 906 1013 pila
928 934 1006 996 inter
1028 937 1121 997 undas
1143 949 1234 1016 pote·

171 1031 247 1082 rant.
290 1019 399 1080 Contra
421 1018 576 1080 Cheruscis
599 1028 682 1080 sueta
705 1027 775 1098 aput
801 1021 923 1099 paludes
951 1021 1079 1098 proelia,
1108 1040 1234 1101 procera
1262 1073 1271 1085 ,.

170 1105 319 1178 membra,
347 1104 449 1164 hastae
476 1103 611 1181 ingentes
640 1105 675 1165 ad
703 1104 822 1165 vulnera
849 1104 980 1166 facienda
1002 1107 1135 1184 quamvis
1157 1127 1232 1188 pro-

170 1191 227 1252 cul.
272 1189 335 1249 Nox
364 1188 481 1250 demum
508 1189 675 1250 inclinantis
702 1188 759 1250 iam
786 1190 919 1267 legiones
949 1190 1089 1251 adversae
1114 1210 1232 1272 pugnae
1244 1203 1273 1253 to

124 1274 129 1288 '
171 1275 290 1336 exemit.
340 1272 477 1333 Germani
506 1274 544 1334 ob
572 1292 717 1352 prospera
750 1275 908 1347 indefessi,
944 1294 982 1335 ne
1015 1283 1077 1337 tum
1113 1277 1233 1355 quidem
1266 1277 1269 1286 '

170 1367 286 1437 sumpta
315 1358 428 1436 quiete,
465 1365 605 1437 quantum
635 1377 774 1438 aquarum
804 1360 913 1420 circum
942 1361 1131 1438 surgentibus
1154 1363 1233 1442 iugis

172 1445 268 1506 oritur
289 1451 403 1504 vertere
425 1443 455 1503 in
484 1443 630 1516 subiecta,
663 1461 818 1522 mersaque
846 1445 936 1505 bumo
966 1453 996 1506 et
1023 1446 1129 1507 obruto
1153 1448 1234 1526 quod

170 1531 305 1590 effectum
335 1528 435 1607 operis
465 1528 629 1607 duplicatus
658 1527 742 1588 militi
770 1529 863 1589 labor.
909 1530 1174 1609 Quadragesimum
1203 1533 1234 1595 id

169 1613 349 1693 stipendium
371 1612 493 1673 Caecina
514 1613 646 1691 parendi=
664 1621 714 1674 aut
740 1614 925 1692 imperitandi
953 1615 1093 1687 babebat,
1123 1635 1231 1680 secun-
1244 1627 1271 1678 tt

168 1700 272 1760 darum
295 1697 553 1777 ambiguarumque
575 1716 675 1759 rerum
698 1699 796 1760 sciens
819 1718 914 1778 eoque
936 1700 1101 1780 interritus:
1139 1703 1232 1782 Igitur

170 1786 267 1845 futura
288 1783 409 1844 volvens
433 1802 493 1845 non
514 1783 586 1843 aliut
607 1784 739 1862 repperit
760 1803 847 1863 quam
862 1792 895 1845 ut
916 1784 1032 1847 bostem
1047 1785 1128 1847 silvis
1145 1793 1233 1849 coer·

89 1878 94 1887 “
171 1876 265 1941 reret,
300 1869 397 1929 donec
418 1868 509 1929 saucii
532 1877 731 1946 quantumque
759 1869 901 1947 gravioris
929 1871 1053 1947 agminis
1076 1872 1235 1935 anteirent

169 1955 242 2015 Nam
264 1954 361 2014 medio
385 1954 528 2014 montium
552 1964 581 2014 et
602 1953 739 2033 paludum
762 1954 967 2034 porrigebatur
981 1955 1134 2034 planities,
1157 1976 1234 2037 quae

170 2048 287 2101 tenuem
315 2039 408 2100 aciem
435 2047 593 2117 pateretur.
639 2037 810 2118 Deliguntur
837 2038 968 2116 legiones
996 2041 1096 2118 quinta
1125 2042 1272 2120 degtrote

170 2124 264 2198 lateri,
287 2124 499 2185 unetvicesima
522 2123 552 2182 in
574 2123 698 2196 laevum,
721 2124 847 2204 primani
870 2124 1035 2186 ducendum
1058 2128 1094 2188 ad
1116 2145 1234 2205 agmen,

118 2208 159 2271 65
171 2209 386 2271 vicensimanus
409 2207 563 2268 adversum
587 2217 753 2270 secuturos.
806 2209 869 2269 Nox
891 2227 945 2287 per
967 2210 1082 2273 diversa
1104 2211 1233 2290 inquies,

171 2313 237 2355 cum
258 2293 375 2354 barbari
397 2292 482 2353 festis
505 2291 613 2371 epulis,
641 2293 718 2354 laeto
742 2302 828 2355 cantu
856 2303 905 2353 ant
927 2296 1001 2355 truci
1024 2315 1136 2358 sonore
1157 2297 1232 2360 sub·

117 2434 121 2441 ,
169 2379 243 2440 ieeta
264 2377 381 2438 vallium
403 2396 437 2439 ac
458 2376 631 2439 resultantis
655 2379 747 2440 saltus
771 2377 969 2455 complerent,
992 2388 1062 2459 aput
1081 2382 1233 2446 Romanos

172 2462 292 2524 invalidi
314 2463 415 2540 ignes,
442 2461 625 2541 interruptae
652 2483 756 2538 voees,
785 2472 871 2542 atque
898 2463 955 2542 ipsi
978 2466 1090 2544 passim
1112 2467 1271 2531 adiace-te

170 2557 237 2610 rent
257 2547 348 2618 vallo,
380 2547 553 2608 oberrarem
575 2548 727 2620 tentoriis,
756 2547 909 2610 insomnes
936 2550 1029 2627 magis
1052 2571 1138 2630 quam
1161 2571 1233 2632 per·

169 2633 284 2711 vigiles.
334 2632 501 2712 [lucemque
529 2633 635 2694 terruit
663 2633 734 2694 dira·
752 2634 852 2711 quies:
887 2653 953 2696 narn
978 2636 1151 2707 Quintilium
1174 2639 1233 2700 Va·

202 2823 223 2871 1.
242 2821 271 2868 in
290 2818 356 2881 loeo,
379 2816 484 2868 naimlicb
502 2833 542 2868 wo
561 2835 591 2869 er
607 2834 672 2870 war.
725 2818 777 2869 will
802 2835 831 2870 er
854 2835 893 2870 om
917 2821 1048 2883 folgenden
1067 2820 1137 2886 Tege
1155 2824 1238 2875 errei-

149 2887 262 2940 <1v.4r.
282 2885 402 2938 xuttt.
726 2888 786 2938 chen
814 2888 861 2936 und
887 2888 948 2938 triflt
966 2890 1029 2938 dazu
1053 2890 1093 2941 die
1118 2891 1235 2954 fulgendo

200 2959 231 3003 ut
248 2969 314 3019 epea
331 2954 428 3004 etalii.
465 2954 491 3004 S.
512 2971 543 3004 zu
561 2970 583 3003 e.
599 2957 637 3005 17.
724 2955 951 3018 Marscburdnung;
986 2959 1033 3007 auf
1054 2957 1094 3010 ibr
1122 2960 1176 3010 will
1207 2974 1237 3012 er·

200 3016 249 3076 64.
268 3023 290 3073 3.
310 3022 442 3072 lacerarent
460 3023 535 3072 dureb
556 3021 692 3071 Plainkelu·
727 3023 792 3071 dann
817 3022 863 3070 den
882 3023 959 3073 Feind
984 3022 1113 3076 edfbalten
1131 3027 1170 3078 bis
1190 3026 1246 3081 der'

167 3090 213 3140 mit
230 3090 275 3139 der
292 3090 383 3148 Front;
415 3089 676 3153 circumgredtuntur
727 3088 805 3138 Troas
824 3105 915 3140 vorans
934 3091 974 3141 ist.
1007 3093 1041 3143 ns
1060 3095 1094 3145 ist
1112 3095 1233 3157 dicselbe,

169 3172 201 3207 an
219 3158 265 3207 den
285 3157 385 3215 Seiteo;
415 3161 569 3219 occare-rent,
587 3155 676 3209 sobald
726 3172 773 3206 von
787 3158 908 3209 derebi
923 3165 1002 3226 eapte
1013 3177 1128 3228 propere
1141 3180 1237 3231 campo

110 3237 115 3245 ‘
168 3226 220 3275 sieb
239 3226 279 3276 dic
294 3227 386 3276 Riinrer
402 3225 574 3289 irgeudwobin
592 3223 676 3272 bewe·
725 3228 843 3274 umentia
866 3227 939 3278 ultre
964 3230 1011 3279 und
1036 3233 1175 3297 enisaeque
1200 3233 1236 3283 fe·

169 3309 224 3356 gen,
246 3296 393 3345 narnentlieb
413 3309 484 3343 wenn
504 3292 540 3341 sie
559 3291 605 3339 den
620 3290 676 3361 Urnf
723 3295 817 3357 gionea
834 3303 1030 3361 vesperascente
1043 3299 1086 3348 die
1098 3302 1127 3350 ire
1139 3305 1235 3366 aperta

167 3363 296 3425 gebenden
314 3361 504 3413 zuvorlrommen
522 3357 621 3408 wellen.
725 3365 751 3410 et
767 3361 861 3413 solida.

203 3433 225 3482 6.
242 3425 606 3496 gradum,Stellungmitwie
620 3442 674 3476 zum
757 3423 806 3486 bb.
832 3433 872 3482 23.
895 3448 1004 3496 sonore,
1029 3434 1068 3482 ein
1093 3436 1235 3500 poitiacbes

66 3502 69 3508 '
168 3498 299 3549 Sebreiten
323 3495 489 3548 auseiuander
516 3493 673 3558 gespreizten
725 3495 811 3556 Wort,
833 3515 880 3550 von
897 3499 992 3550 Luerez
1012 3501 1058 3551 und
1073 3501 1164 3565 Virgil,
1184 3521 1235 3556 von

168 3565 419 3626 lieinen„Auslage.
461 3559 577 3613 XlV.3f
604 3562 672 3627 legio
724 3564 754 3615 Τ.
767 3568 828 3616 noch
840 3568 882 3626 Ν.
893 3571 934 3621 48.
954 3567 1023 3618 XlV.
1034 3571 1066 3621 36
1084 3572 1236 3634 gebrauchte

164 3635 258 3699 gradu
280 3635 394 3682 immuta.
439 3629 469 3678 ll.
487 3626 518 3678 ll.
534 3630 565 3680 35
583 3633 675 3681 stabili
759 3637 798 3687 25.
823 3652 904 3686 voees.
941 3635 1023 3685 Ueber
1046 3639 1091 3689 das
1115 3641 1234 3692 biernncb

167 3702 264 3769 gradu
302 3698 390 3759 lleiufig
409 3696 442 3746 de
456 3697 546 3761 gradu
564 3698 672 3750 deicere.
724 3718 756 3751 zu
774 3703 930 3766 ergainzende
948 3710 1034 3754 esrem
1050 3722 1070 3756 s.
1091 3723 1122 3757 zu
1140 3724 1162 3758 e.
1177 3713 1202 3762 l.

145 3795 146 3799 =
204 3772 242 3821 19.
261 3766 345 3817 medie
362 3766 491 3814 montium
503 3771 529 3815 et
537 3767 673 3831 paludum.
760 3772 799 3821 27.
819 3773 905 3835 quiea,
931 3771 999 3824 nicbt
1024 3782 1091 3825 etwa
1114 3775 1230 3837 ‘Troum',

169 3836 238 3886 Vorn
256 3834 303 3883 und
318 3833 400 3882 binten
415 3848 501 3884 waren
513 3834 621 3902 Siirnpfe,
643 3853 675 3887 zu
726 3838 832 3887 soodern
854 3838 973 3898 ‘Seblaf'3
1003 3841 1064 3893 dira
1088 3844 1166 3896 durob
1185 3846 1233 3897 deu

167 3903 258 3954 beiden
276 3900 361 3951 Seiten
378 3901 467 3967 Berge.
496 3902 570 3975 Diesc
588 3905 674 3971 Ebene
726 3902 819 3957 Troum
837 3905 882 3958 der
893 3907 958 3958 daun
969 3910 1066 3973 erzilrlt
1077 3912 1152 3965 wird.
1173 3913 1232 3978 Vgl.
