2550 4350
118 216 180 303 10'4
338 205 342 210 ’
524 204 885 296 connumerem
1058 245 1130 308 (ea.
1143 253 1190 297 811

118 389 312 466 matrimonio
335 399 411 461 Rufii
435 399 583 478 Crispini,
618 398 729 477 equitis
757 398 899 470 Romani,
932 416 966 457 er
998 416 1060 476 qno
1094 397 1192 460 filium

117 496 277 565 genuerat,
301 485 380 545 Otho
403 484 525 563 pellexit
546 485 664 545 iuventa
687 501 722 543 ac
743 483 821 554 luxu,
845 492 875 542 ct
897 483 966 560 quia
989 482 1191 560 flagrantissi-

117 591 184 633 mus
207 572 237 630 in
261 569 392 631 amicitia
414 568 543 629 Neronis
565 568 741 628 habebatur.
784 567 847 627 Nec
868 585 951 627 mora
975 567 1048 645 quin
1073 567 1191 628 adulte·

65 659 107 722 46
119 657 164 717 rio
186 653 412 715 matrimonium
435 653 618 728 iungeretur.
651 651 730 712 Otlro
753 652 815 710 sire
837 669 939 711 amore
961 650 1104 711 incautus
1121 652 1208 713 lau·¹

118 741 190 802 darc
213 740 340 798 lormam
363 737 600 815 elegantiamque
622 736 724 796 uxoris
747 736 825 813 apud
854 735 1038 813 principem,
1070 736 1138 796 sive
1162 745 1214 799 utt

118 822 297 886 accenderet
321 840 371 894 ac,
401 822 427 880 si
451 821 554 880 eadem
578 820 689 881 lemina
711 821 895 898 potirentur,
925 818 954 879 id
979 820 1103 897 quoque
1128 820 1191 882 vin-

116 907 215 970 culum
238 906 404 984 potentiam
426 905 454 964 ei
477 905 619 964 adiceret.
670 905 768 981 Saepe
791 904 909 964 auditus
932 912 979 962 est
1000 922 1192 982 consurgens

118 1011 136 1053 e
159 990 294 1052 convivio
318 988 466 1060 Caesaris,
489 1007 558 1049 sese
579 989 624 1048 irc
646 988 683 1048 ad
706 989 797 1059 illam,
820 987 877 1047 silri
901 1004 1078 1047 concessam
1104 989 1192 1050 dicti-

116 1084 185 1136 tans
207 1063 404 1144 nobilitatem,
428 1072 692 1153 pulchritudinem,
714 1084 781 1132 rota
805 1072 938 1131 omnium
961 1080 990 1131 et
1012 1074 1131 1148 gaudia
1150 1075 1192 1134 le·
1225 1138 1234 1150 ,

117 1159 231 1220 licium.
286 1157 340 1218 His
368 1167 457 1235 atquc
480 1157 588 1217 talibus
611 1156 806 1217 irritamentis
837 1174 898 1215 non
920 1157 1009 1232 longa
1032 1157 1189 1219 cunctatio
1200 1166 1225 1217 lt

117 1241 327 1319 interponitur.
365 1242 432 1302 ‚Sed
455 1251 580 1319 accepto
604 1240 686 1301 aditu
710 1240 849 1318 Poppaea
872 1239 1002 1318 primum
1025 1251 1088 1318 per·
1102 1240 1191 1302 blan·

118 1326 250 1387 dimenta
283 1334 312 1385 et
342 1334 423 1385 artes
451 1326 617 1396 valescere,
653 1324 798 1401 imparem
821 1323 955 1402 cupidini
979 1343 1012 1384 se
1039 1333 1070 1384 et
1092 1325 1192 1386 lorma

117 1409 247 1470 Neronis
270 1418 386 1487 captam
410 1408 572 1481 simulans3
596 1425 663 1467 mox
686 1408 748 1468 acri
771 1406 830 1467 iarn
852 1407 1000 1486 principis
1024 1427 1130 1469 amore
1154 1410 1191 1471 ad

118 1492 291 1572 superbiam
315 1502 448 1561 vertens,
472 1493 499 1553 si
522 1493 599 1552 ultra
621 1509 711 1553 unam
733 1491 917 1571 alteramque
935 1501 1054 1552 noctem
1079 1495 1192 1555 attinc·

117 1584 215 1648 retur,
249 1586 372 1654 nuptam
406 1595 473 1637 esse
502 1595 535 1637 se
564 1576 722 1648 dictitans,
760 1595 817 1637 nec
846 1595 937 1654 posse
960 1577 1236 1639 matrimoniumtt.

4 1681 11 1691 ·
116 1661 267 1731 amittere,
292 1661 459 1720 devinctam
480 1660 594 1723 Othoni
616 1680 670 1740 per
693 1678 786 1738 genus
810 1661 896 1733 vitae,
920 1661 1113 1739 quodnemo
1138 1663 1191 1723 ad-

116 1753 268 1823 aequaret.
312 1745 397 1804 lllurn
422 1745 522 1806 animo
546 1754 575 1806 et
598 1745 678 1805 cultu
700 1745 908 1822 magnificum3
942 1745 983 1804 ibi
1014 1764 1047 1805 se
1072 1765 1191 1808 summa

6 1869 13 1878 -
117 1830 236 1890 lortuna
258 1829 347 1906 digna
369 1828 478 1891 visere.
528 1833 564 1891 at
586 1830 751 1901 Neronem,
774 1829 870 1906 pelice
893 1829 1000 1888 ancilla
1024 1840 1055 1889 et
1077 1831 1189 1892 adsue-

116 1913 220 1974 tudine
243 1915 339 1973 llctes·
356 1914 542 1986 devinctum,
565 1913 641 1972 nilril
663 1933 679 1973 e
703 1913 901 1973 contubernio
926 1913 1024 1973 servili
1049 1914 1110 1974 nisi
1136 1915 1189 1976 ab·

56 2024 60 2033 *
116 1997 226 2057 lectum
264 2006 294 2057 et
325 1998 480 2080 sordidum
513 1996 650 2056 traxisse.
709 1995 843 2055 Deicitur
864 1997 1065 2057 familiaritate
1089 2008 1225 2076 suetam

115 2090 186 2159 post
208 2098 372 2157 congressu
396 2090 425 2140 el
448 2080 592 2139 comitatu
616 2078 711 2147 Otho,
734 2080 824 2138 etad
847 2091 1048 2159 postremum,
1085 2102 1123 2144 ne
1155 2085 1189 2144 in
1212 2087 1219 2097 '

115 2166 190 2225 urbe
213 2166 378 2225 aemulatus
400 2171 511 2239 ageret,
534 2161 708 2240 provinciae
723 2162 896 2226 Lusitaniae
920 2166 1110 2243 praeficitur-3
1135 2168 1190 2228 ubi'

114 2267 211 2327 usque
244 2248 281 2307 ad
316 2247 412 2306 civilia
446 2264 527 2305 arma
561 2263 621 2304 non
652 2265 686 2306 ex
715 2244 817 2324 priore
847 2249 968 2310 inlamia
991 2249 1044 2309 sed
1069 2251 1188 2330 integre

117 2341 290 2408 sancteque
304 2330 381 2405 egit,
405 2347 516 2406 procax
539 2328 593 2387 otii
616 2338 649 2409 ct
667 2330 828 2409 potestatis
850 2335 1076 2411 temperantior.
1164 2363 1170 2368 ·

62 2417 104 2478 47
199 2413 350 2473 Hactenus
372 2412 451 2472 Nero
481 2412 602 2488 flagitiis
632 2422 661 2474 et
683 2415 849 2476 sceleribus
872 2418 1036 2479 velamenta
1061 2421 1223 2496 quaesi-25

114 2499 166 2557 vit.
196 2494 396 2572 Suspectahar
418 2495 545 2558 maxime
567 2496 738 2560 Cornelium
755 2501 876 2574 Sullam,
901 2520 1005 2562 socors
1028 2503 1187 2580 ingenium

115 2581 180 2640 eius
202 2577 232 2637 in
256 2579 439 2641 contrarium
468 2583 589 2643 trahens
618 2583 819 2663 callidumque
840 2595 879 2646 ‘et
908 2586 1116 2648 simulatorem
1140 2590 1187 2650 iu·

112 2663 317 2740 terpretando.
385 2665 480 2736 Quem
514 2680 625 2728 metum
649 2669 793 2747 Graptus,
824 2688 858 2730 ex
891 2670 1008 2731 libertis
1033 2672 1184 2745 Caesaris,

111 2763 170 2807 usu
198 2756 228 2808 et
256 2757 376 2810 senecta
401 2750 523 2813 Tiberio
553 2752 687 2830 abusque
710 2753 831 2814 domurn
853 2755 1023 2834 principum
1048 2757 1186 2832 edoctus,

146 2918 169 2966 1.
189 2914 264 2978 Rufii
281 2915 406 2983 Crr'spim'.
431 2916 458 2968 S.
478 2932 509 2966 zu
526 2913 573 2964 Xl.
596 2917 623 2978 l,
706 2921 730 2969 9.
768 2924 830 2968 uota
848 2923 966 2968 omnium
984 2926 1010 2968 et
1024 2922 1132 2985 gaudia
1149 2924 1190 2986 sc·
1224 2911 1228 2917 ⁴

109 2981 194 3033 Ueber
222 2985 269 3034 den
298 2985 363 3033 Sohn
393 2982 461 3031 Suet.
483 2981 544 3030 Ner.
571 2983 617 3031 35:
673 2984 771 3034 licium.
811 2984 905 3034 luschr.
931 2986 955 3035 b.
978 2987 1049 3037 Grut.
1072 2992 1131 3049 637.
1155 2995 1187 3044 5:

107 3047 198 3111 (Nero)
222 3053 379 3115 privignum
396 3047 502 3108 Iturium
522 3046 620 3112 Crispi·
672 3052 745 3115 quod
767 3067 856 3101 omnes
880 3060 993 3119 rogant,
1021 3056 1069 3105 sed
1094 3059 1189 3118 felices

106 3131 181 3180 itum,
199 3117 323 3181 Poppaea
341 3120 440 3175 nutum,
459 3115 619 3178 impuberem
670 3121 823 3183 impetrant.

109 3183 210 3244 addice,
229 3185 293 3244 quia
310 3181 447 3240 serebatur
464 3180 577 3230 ducetur
595 3188 621 3232 et
709 3186 745 3236 12.
771 3188 900 3252 imparem
928 3190 1062 3256 cupidini,
1094 3209 1189 3245 unver-

99 3246 222 3312 :imperia
241 3247 339 3310 ludere,
357 3248 529 3311 mergendum
540 3253 619 3314 mari,
670 3254 777 3316 rndgend
794 3255 863 3306 ihrer
872 3257 1049 3308 Leidenschan
1059 3275 1117 3309 zum
1127 3263 1188 3314 Kai-

109 3313 172 3362 dum
187 3315 352 3376 pttcaratur,
370 3317 453 3364 cercis
474 3319 558 3381 ipsius
571 3318 619 3367 vde·
672 3337 714 3371 ser
732 3337 762 3371 zu
780 3323 942 3375 widerstehn.

106 3379 253 3430 mondavit.
275 3381 357 3430 Ucbcr
377 3381 442 3432 Otto
462 3399 483 3433 c.
507 3387 545 3436 12.
568 3385 618 3437 Das
708 3393 747 3442 19.
767 3392 853 3442 Actes.
873 3394 897 3443 S.
917 3409 937 3442 c.
961 3395 999 3442 12.

104 3446 234 3509 Folgendc
258 3450 301 3497 hut
324 3447 384 3498 Tac.
417 3451 473 3515 hier
500 3453 523 3502 in
542 3455 618 3517 Fulge
705 3459 1184 3524 22.uemuiatrcsugcret.S.zuc.14.

104 3517 222 3579 spdtcrcr
240 3530 381 3576 gcnonercr
399 3517 619 3586 Dulchlorschung
704 3528 745 3577 23.
766 3528 902 3592 usquead
919 3529 1008 3577 ciuilio
1028 3545 1113 3593 ormo,
1139 3534 1187 3583 der

105 3581 276 3700 qicrfflQuellen
295 3588 386 3636 unders
405 3588 503 3639 erzilrlt
529 3591 565 3641 als
584 3591 614 3640 H.
669 3592 806 3712 lnrquung
825 3595 924 3653 Gallius,
947 3597 1021 3646 6811.
1046 3597 1088 3646 Ch.
1112 3599 1138 3649 S.
1150 3601 1182 3651 H.

140 3712 192 3772 46.
219 3720 243 3768 i.
265 3734 426 3786 consurgens
445 3723 478 3772 ist
495 3724 549 3772 dcm
563 3723 616 3774 dic·
702 3723 752 3784 47.
772 3729 812 3778 26.
835 3726 984 3778 Cornelium
1003 3713 1115 3780 Sullano.
1157 3734 1183 3785 S.

106 3785 188 3833 titane
213 3791 421 3847 untergeordnet:
454 3799 518 3839 ‘rrran
545 3792 616 3842 hdrtc
667 3810 700 3843 zu
717 3793 775 3843 Xll.
797 3795 837 3843 52.

106 3848 147 3896 ihu
165 3851 234 3902 heim
249 3855 371 3913 Aulstchn
390 3856 494 3917 engen«
702 3863 742 3912 29.
767 3858 870 3910 Tiberio
894 3864 1018 3928 abusque.
1066 3864 1127 3916 XV.
1149 3872 1183 3921 37
