2550 4350
104 259 230 320 pontt)
333 255 375 305 ΑΒ
394 254 547 306 EXCESSU
565 255 633 308 BlVl
652 254 792 307 AUGUSTI
811 255 853 306 lli.
874 259 915 309 73.
931 214 972 308 74.
1112 247 1171 308 201

109 429 199 472 nemo
215 429 231 470 e
248 407 571 470 familia'restaurando
595 409 753 479 sufficeret,
776 417 912 469 manente
936 419 1032 468 tamen
1054 410 1173 472 nomino

110 495 245 573 Pompei.
297 491 389 552 Simul
418 493 552 553 laudibus
576 493 715 553 Seianum
745 494 863 566 extulit,
897 501 1045 569 tamquam
1073 492 1173 554 lahore

107 577 315 657 vigilantiaque
338 577 402 636 eius
424 586 501 636 tanta
524 577 569 636 vis
593 595 682 636 unum
706 577 781 636 intra
805 578 942 637 damnum
959 578 1102 637 stetisset.
1138 576 1184 657 Bt

109 681 256 724 censuere
278 668 378 739 patres
402 661 526 738 effigiem
550 661 672 731 Seiano,
696 679 770 738 quae
793 670 862 740 aput
883 662 1029 721 theatrum
1051 659 1173 738 Pompei

83 748 274 809 elocaretur.
317 744 418 821 Neque
441 743 533 804 mult'o
555 753 626 822 post
647 743 769 815 Caesar,
799 762 863 805 cum
886 745 1002 804 lunium
1025 745 1170 818 Blaesum,

108 830 320 910 proconsulem
343 828 471 900 Africae,
505 827 647 912 triumphi
658 823 836 904 'insignibus
859 829 1019 902 attolleret,
1048 829 1116 889 dare
1144 828 1174 889 id

110 933 145 975 se
166 914 238 974 dixit
259 913 366 973 honori
389 911 501 984 Seiani,
535 912 616 972 auius
639 911 687 971 ille
709 913 869 973 avunculus
892 922 964 973 erat.
1014 914 1054 974 Ao
1075 922 1172 973 tamen

106 1017 157 1060 res
178 997 273 1059 Blaesi
297 997 400 1075 dignae
423 997 530 1056 decore
553 996 600 1056 tali
624 996 716 1056 fuere.

191 1083 266 1143 Nam
289 1080 472 1152 Tacfarinas,
496 1098 671 1158 quamquam
695 1081 814 1158 saepius
838 1079 996 1159 depulsus,
1028 1080 1171 1160 reparatis
1184 1086 1223 1147 73

64 1180 96 1230 to
109 1185 165 1246 per
193 1165 295 1226 intima
317 1167 431 1225 Africae
459 1164 576 1224 airriliis
608 1165 665 1224 buc
686 1166 874 1242 adrogantiae
896 1175 1017 1226 venerat
1037 1175 1070 1225 ut
1090 1165 1171 1242 lega-

106 1259 156 1312 tos
178 1259 208 1311 at
230 1250 381 1309 Tiberium
405 1250 534 1316 mitteret
556 1249 715 1327 sedemque
744 1250 820 1324 ultro
844 1250 900 1311 sibi
923 1259 1009 1328 atque
1033 1249 1173 1310 exercitui

107 1354 164 1396 suo
200 1333 366 1412 postularet
403 1343 452 1393 aut
484 1333 592 1393 bollum
626 1333 828 1412 inexplicabile
860 1335 1053 1395 minitaretur.
1107 1334 1173 1394 Non
1212 1340 1217 1345 '

105 1419 179 1480 alias
203 1419 297 1495 magis
319 1437 372 1479 sna
394 1419 552 1496 populique
571 1418 696 1478 Romani
718 1420 894 1480 contumelia
917 1420 1080 1480 indoluisse
1097 1418 1171 1479 Cae-

108 1521 207 1564 sarem
230 1503 343 1574 sarum,
375 1521 461 1580 quam
490 1503 569 1580 quod
592 1503 729 1562 desertor
751 1513 781 1563 et
802 1505 911 1582 praedo
935 1504 1065 1564 bostium
1088 1521 1172 1564 more

66 1596 220 1666 15ageret.
257 1587 300 1647 Ne
316 1586 456 1664 Spartaco
481 1587 598 1665 quidem
621 1596 691 1664 post
714 1596 757 1646 tot
779 1588 975 1648 consularium
992 1588 1172 1648 exercituum

107 1671 205 1732 clades
228 1671 350 1731 inultam
374 1671 483 1730 ltaliam
508 1671 619 1741 urenti,
653 1686 827 1748 quamquam
852 1672 976 1731 Sertorii
1006 1681 1092 1749 atque
1114 1671 1172 1731 Mi·

106 1755 243 1816 tBridatis
265 1755 433 1832 ingentibus
457 1754 542 1815 bellis
565 1754 677 1813 labaret
698 1772 747 1812 res
770 1754 895 1831 publica,
919 1755 1016 1813 datum
1040 1763 1072 1814 ut
1085 1763 1171 1832 pacto

105 1841 136 1900 in
159 1839 248 1900 fidem
270 1840 466 1915 acciperetur:
497 1839 604 1898 nedum
628 1837 827 1915 pulcherrimo
856 1838 957 1915 populi
981 1838 1104 1896 Romani
1126 1839 1172 1896 f·

107 1924 194 2002 stigio
217 1923 292 1984 latro
316 1924 484 1983 Tacfarinas
507 1941 578 2000 pace
607 1931 636 1982 et
665 1922 858 1999 concessione
881 1939 1018 1999 agrorum
1041 1920 1171 1980 redime-

63 2018 201 2069 20retur.
244 2006 298 2066 Dat
321 2009 469 2084 negotium
492 2006 613 2078 Blaeso,
645 2013 760 2065 ceteros
789 2005 906 2084 quidem
935 2005 969 2066 ad
992 2023 1076 2083 spem
1098 2023 1173 2082 pros

106 2092 210 2153 liceret
232 2109 311 2150 arma
336 2091 400 2152 sine
424 2098 503 2151 noxa
520 2090 668 2169 ponendi,
700 2091 793 2168 ipsius
821 2100 917 2150 autem
946 2090 1028 2150 ducis
1053 2107 1172 2167 quoquo

107 2177 198 2237 modo
219 2184 383 2253 poteretur.
429 2177 464 2235 Bt
486 2175 596 2254 recepti
620 2194 653 2235 ea
676 2176 759 2235 venia
791 2174 933 2253 plerique.
976 2175 1043 2234 Mox
1066 2173 1172 2233 adver—

109 2279 175 2322 sum
213 2267 292 2319 artes
331 2259 522 2320 Tacfarinatis
562 2261 619 2320 han
658 2259 793 2320 dissimili
814 2259 921 2337 ,modo
960 2259 1171 2336 belligeratum.

107 2344 180 2405 Nam
203 2344 271 2422 qnia
293 2343 341 2403 ille
362 2343 471 2403 robore
494 2345 639 2404 exercitus
663 2344 764 2421 inpar,
794 2345 908 2404 furandi
932 2345 1052 2414 melior,
1080 2342 1173 2422 pluris
1186 2346 1227 2416 74
1246 2389 1249 2394 -

62 2440 161 2507 25per
196 2428 300 2506 globos
334 2427 499 2488 incursaret
532 2428 733 2504 eluderetque,
756 2437 786 2488 et
819 2429 943 2508 insidias
977 2428 1063 2489 simul
1097 2438 1174 2488 tem-

106 2521 214 2591 ptaret,
237 2520 297 2572 tres
320 2511 467 2583 incessus,
491 2512 612 2573 totidem
636 2513 749 2588 agmina
772 2522 921 2589 parantur.
951 2513 992 2572 Ex
1015 2513 1081 2589 quis
1098 2513 1174 2573 Cor·

108 2598 205 2658 aelius
229 2595 329 2673 Scipio
351 2596 463 2674 legatus
486 2597 613 2675 praefuit
640 2615 694 2673 qua
723 2597 874 2675 praedatio
897 2597 926 2655 iu
949 2596 1121 2672 Leptitanos
1146 2604 1175 2656 et

28 2758 32 2763 ·
136 2732 159 2780 4.
187 2733 261 2795 aput.
307 2727 365 2778 Seu.
386 2744 453 2778 cous.
482 2729 512 2776 ad
532 2727 610 2777 Marc.
697 2729 737 2777 23.
757 2727 818 2774 dau.
855 2725 881 2774 S.
902 2741 933 2773 zu
951 2724 981 2773 ll.
995 2727 1037 2775 36.

103 2798 203 2856 2213:
229 2796 428 2846 Decernebatur
445 2796 488 2845 illi
502 2795 613 2856 (Seiano)
697 2789 745 2849 74.
765 2795 804 2844 26.
818 2792 955 2842 Cornelius
963 2790 1060 2856 Scipio.
1079 2789 1173 2840 luscbr.

102 2870 193 2921 statua
208 2867 247 2913 ira
264 2864 384 2929 Pompeii
401 2865 503 2913 theatro
513 2878 614 2928 portere-
665 2862 689 2912 b.
711 2861 782 2911 Grnt.
804 2863 860 2918 396,
873 2864 902 2911 5:
923 2859 950 2909 Ρ.
960 2857 1090 2921 Cornelia,
1106 2857 1134 2906 P.
1145 2856 1176 2922 tl,

103 2931 146 2995 da,
165 2931 378 2997 quadrantariam
397 2930 494 2982 Caesar
513 2930 615 2992 reficie—
664 2928 799 2994 Len[tulo]
819 2928 953 2993 Scipioni,
973 2943 1038 2990 eoa,
1060 2925 1175 2990 pr[uet.]

104 3000 156 3049 bat.
182 2998 358 3048 Exclamavit
368 2997 468 3048 Cordus
478 3007 509 3058 ts.
520 2998 561 3048 lV.
572 3000 614 3056 34)
666 3000 758 3047 aerari
775 3002 804 3056 (s.
817 3013 848 3045 zu
862 2997 881 3045 f.
892 2999 942 3054 tot.
965 2995 1053 3058 legato
1068 2993 1105 3044 Τί.
1115 2992 1177 3043 Cae·

104 3071 168 3116 tunc
185 3083 247 3116 aare
265 3067 398 3117 theatrum
414 3069 510 3131 parire.
542 3067 568 3116 S.
583 3081 615 3115 zu
665 3068 734 3114 saris
751 3065 820 3129 Aug.
841 3063 967 3128 legtionist
986 3062 1067 3112 VIIII
1079 3063 1175 3127 Hispa·

104 3131 123 3182 l.
139 3137 163 3185 5.
203 3133 286 3184 Ueber
303 3133 416 3183 Seianas
434 3133 476 3186 lV.
491 3137 512 3184 l.
667 3133 768 3194 eticae),
787 3133 920 3197 pontifici,
936 3131 1031 3192 fetiali.
1050 3133 1176 3182 Bouonssr.
1243 3160 1248 3169 ·

138 3201 428 3252 b.1uniumBlaesarn.
463 3201 612 3252 Sanc-⁹25.
667 3200 703 3252 Er
730 3215 786 3250 war
811 3201 876 3250 Solia
908 3202 951 3250 des
979 3197 1178 3262 gleicbuumipeu

136 3259 186 3325 78.
205 3271 228 3320 9.
251 3267 417 3329 Tacfarinas.
454 3269 479 3319 S.
501 3284 522 3318 c.
538 3271 579 3320 32.
668 3266 742 3317 Cous.
763 3268 883 3318 suff-dea
901 3267 976 3317 dabrs
995 3266 1098 3317 nucu
1121 3265 1176 3327 [Or.

140 3335 345 3389 tietmari.
668 3338 725 3387 644.
746 3335 892 3386 Mennrv.
913 3337 1000 3400 plbl.
1036 3332 1179 3382 Jetztwar

139 3405 178 3452 15.
199 3401 340 3468 Spartaco.
360 3402 616 3465 Bchriegmitibm
668 3418 697 3452 cr
721 3402 803 3464 Legat
827 3404 873 3453 der
895 3406 954 3455 iiten
973 3399 1072 3462 Legion.
1095 3406 1125 3456 (s.
1145 3414 1178 3447 zu

103 3470 207 3520 wabrie*
221 3487 267 3519 vou
287 3473 385 3522 732-71
398 3488 421 3520 v.
433 3472 476 3521 Cb.
504 3469 550 3519 Die
567 3486 616 3520 von
668 3472 733 3530 cll),
755 3470 824 3519 selue
843 3471 934 3520 Pritur
952 3468 1000 3518 und
1019 3467 1071 3515 sein
1084 3464 1178 3514 Consu-

103 3535 152 3586 ibm
185 3537 368 3600 geseblagenen
412 3537 614 3587 consulariscbeu
666 3537 893 3599 latterwarsuff.)
912 3536 1093 3600 falleuspiter,
1115 3532 1178 3581 aber

103 3603 187 3655 Heere
206 3618 294 3657 waren
319 3607 359 3655 die
384 3607 430 3655 der
449 3603 556 3655 Consuln
582 3606 614 3656 tt
666 3606 760 3655 vorat
781 3620 803 3653 u.
822 3604 866 3653 Cb.
908 3603 969 3653 Tac.
996 3602 1112 3652 erwibut
1136 3601 1178 3655 ibn

103 3685 127 3719 v.
139 3671 194 3731 cb..
217 3675 263 3725 Cu.
273 3673 394 3724 Lentulus
409 3675 456 3722 und
467 3673 497 3723 L.
508 3671 612 3722 Gellius.
667 3673 728 3721 nocb
747 3670 792 3720 Xl.
803 3673 826 3722 2.
837 3674 861 3722 4.
881 3669 938 3720 Xll.
948 3675 988 3730 53,
1010 3670 1096 3721 seiuen
1111 3667 1178 3718 Sobn

103 3736 159 3789 Liv.
180 3742 241 3806 cpit.
262 3745 303 3793 96.
609 3746 612 3751 ’
666 3739 786 3790 ΧΙΙΙ.25.
1135 3780 1138 3784 ,

140 3809 177 3858 16.
198 3809 321 3872 Sertorii,
337 3811 437 3860 ts-tt
449 3825 471 3857 v.
483 3808 544 3865 cb.;
565 3806 615 3857 Mi·
701 3809 740 3857 27.
759 3806 857 3870 Leptis.
869 3804 960 3859 minor,
986 3805 1054 3868 jelzt
1072 3804 1175 3854 Lambo.

104 3873 240 3940 tiridates,
255 3875 612 3938 3terKricg,ll-63v.(1b.
668 3873 795 3937 Saffagia
814 3873 847 3922 ist
864 3869 1023 3921 Nominutir:
1057 3872 1179 3922 ‘Zullucbt
