2550 4350
70 267 193 327 acano)
301 261 342 311 ee
360 260 513 312 excussu
532 259 600 312 orvi
618 258 760 313 auousrr
778 259 810 310 n.
831 262 873 313 aa.
888 261 929 313 ao.
1101 251 1144 316 93

71 416 193 496 pulsum
221 431 282 475 neo
307 431 445 492 umquam
471 414 582 492 magis,
618 422 652 475 ut
679 433 715 475 er
746 413 869 491 captivis
903 413 1052 492 cognitum
1071 425 1144 491 est,

70 508 241 581 paventem.
277 497 393 577 Quippe
415 497 541 561 invictos
564 507 594 559 et
614 497 704 561 natllis
727 498 862 565 cassibus
880 497 1064 575 superabiles
1079 499 1142 561 llo-

72 602 183 657 manos
206 580 430 661 praedicabant,
455 583 504 660 qui
526 582 641 660 perdita
664 582 778 655 classe,
800 581 920 643 amissis
942 583 1048 654 armis,
1073 592 1144 660 post

75 675 227 740 eonstrata
251 684 396 744 equorum
418 666 610 745 virorumque
638 666 815 744 corporibus
843 666 931 727 litora
958 667 1060 727 eadem
1083 667 1144 727 vir-

48 760 148 825 ttute,
170 751 237 829 pari
259 750 368 819 lerooia
391 758 421 812 et
443 751 521 811 velut
542 750 619 811 aucti
641 769 765 811 numero
788 749 980 829 inrupissent.
1023 750 1197 819 Reduc-26

74 845 124 907 tus
148 835 218 895 inde
240 834 270 895 in
293 834 415 896 hiberna
438 834 540 906 miles,
569 834 663 896 laetus
694 834 782 896 animi
804 835 883 912 quod
907 834 1031 896 adversa
1053 835 1146 901 maris

75 919 276 1000 expeditione·
287 936 433 996 prospera
456 919 650 996 pensavisset.
683 918 1053 989 Addidit'munilicentiam
1069 920 1145 982 Cae·

75 1022 143 1076 sar,
175 1012 318 1081 quantum
340 1003 407 1081 quis
431 1002 529 1064 damni
551 1004 708 1080 protessus
732 1012 809 1076 erat,
841 1003 1032 1069 exsolvendo.
1083 1003 1144 1065 Neo

74 1087 198 1151 dubium
225 1086 389 1157 habebatur
417 1087 515 1148 labare
544 1087 645 1148 hostes
679 1089 881 1166 petendaeque
904 1089 991 1166 'praeis
1020 1088 1144 1151 consilia

36 1174 215 1244 rosumere,
247 1180 277 1231 et
298 1170 325 1231 si
346 1171 481 1248 proxime
504 1179 599 1233 aestas
622 1172 801 1243 adiceretur,
835 1191 925 1250 posse
954 1172 1064 1234 bellum
1085 1191 1142 1252 pa·

74 1256 159 1319 trari.
210 1255 268 1317 Sed
297 1254 411 1325 crebris
446 1255 579 1335 epistulis
607 1256 745 1317 'liberius
780 1257 934 1328 renuebat,
967 1257 1080 1319 rediret
1106 1257 1144 1318 ad

74 1341 229 1402 decretum
260 1338 459 1418 triumphum:
497 1340 570 1400 satis
603 1340 661 1401 iarn
696 1340 867 1413 eventuum,
906 1340 978 1401 satis
1010 1360 1141 1403 casuum.

72 1424 225 1502 Prospera
253 1422 294 1482 illi
324 1431 354 1483 et
381 1442 484 1502 magna
513 1424 640 1503 proelia:
674 1444 779 1486 eorum
809 1445 927 1504 quoque
956 1427 1144 1487 meminisset

74 1506 251 1586 quaerenti
274 1515 304 1567 et
324 1507 442 1580 fluctus,
464 1508 541 1569 nulla
565 1509 647 1569 ducis
664 1509 757 1588 eulpa,
781 1510 877 1586 gravia
898 1518 996 1570 tamen
1012 1517 1042 1570 et
1056 1527 1159 1585 saeva,

35 1602 64 1653 15
74 1593 183 1652 damna
204 1591 384 1652 intulissent.
429 1593 469 1653 Se
490 1593 593 1653 novies
617 1612 633 1653 a
655 1593 724 1652 divo
746 1593 879 1670 Augusto
902 1594 933 1652 in
956 1594 1143 1654 Germaniam

73 1674 202 1736 missum
231 1673 316 1753 plura
344 1675 469 1736 oonsilio
499 1695 585 1753 quam
613 1677 640 1736 vi
669 1677 840 1753 perleeisse.
886 1677 936 1737 Sio
959 1677 1143 1756 Sugambros

74 1760 107 1820 in
136 1757 316 1819 deditionem
346 1768 499 1838 aooeptos,
533 1759 576 1819 sio
598 1759 714 1819 Suebos
743 1777 902 1837 regemque
929 1760 1143 1823 Maroboduum

71 1861 148 1923 pace
176 1841 361 1904 obstrictum.
410 1844 507 1903 Posse
535 1851 564 1902 et
590 1843 758 1903 Cheruscos
792 1850 962 1919 ceterasque
990 1843 1144 1905 rebellium

73 1934 195 2006 gentes,
227 1926 370 2004 quoniam
387 1927 540 1988 Romanae
562 1925 667 1987 ultioni
689 1925 857 1986 consultum
887 1933 983 1996 esset,
1015 1927 1142 1986 internis
1223 1972 1229 1983 .

25 2009 235 2072 ¹tttdiseordiis
270 2010 407 2089 relinqui.
462 2011 605 2072 Preoante
633 2009 807 2071 Germanico
840 2026 949 2069 annum
982 2008 1143 2070 efficiendis

75 2095 193 2173 coeptis
215 2093 311 2155 aerius
333 2096 509 2156 modestiam
533 2096 598 2156 eius
620 2094 789 2172 adgreditur
811 2093 934 2154 alterum
956 2091 1143 2154 consulatum

77 2178 248 2249 offerendo,
278 2179 362 2238 ouius
393 2179 490 2240 munia
517 2197 662 2259 praesens
685 2178 791 2238 obiret.
836 2178 929 2239 Simul
958 2175 1142 2248 adneotebat,

76 2262 104 2322 si
127 2263 206 2321 toret
226 2260 321 2321 adhuc
341 2262 523 2337 bellandum,
556 2263 735 2342 relinqueret
757 2263 909 2323 materiem
931 2261 1020 2322 Drusi
1042 2261 1142 2324 fratris

75 2344 199 2424 gloriae,
222 2344 272 2422 qui
293 2346 374 2407 nullo
398 2355 459 2409 tum
482 2348 538 2408 alio
554 2348 641 2409 hoste
657 2366 718 2408 non
734 2347 792 2407 nisi
814 2355 885 2425 aput
900 2346 1072 2408 Germanias
1087 2347 1143 2407 ad-

35 2439 66 2490 25
79 2429 165 2509 sequi
180 2445 292 2489 nomen
305 2428 529 2508 imperatorium
547 2442 575 2493 et
589 2433 748 2512 deportare
768 2432 898 2493 lauream
913 2439 1027 2511 posset.
1057 2431 1143 2494 Haud

110 2663 133 2713 2.
153 2662 279 2712 eosaibru.
315 2661 342 2712 S.
363 2678 394 2712 zu
413 2662 482 2715 l.l'l.
605 2694 607 2700 ·
671 2663 899 2714 lbouo'uemunio
912 2663 1148 2725 praesonabam,-

75 2722 158 2846 821⁰·
179 2728 264 2779 ttad
272 2729 405 2780 decretum
416 2731 585 2794 tadumpduna
636 2744 692 2779 was
710 2730 819 2778 bernach
837 2728 905 2777 nieht
922 2727 1039 2790 gesebab.
1074 2727 1101 2778 S.
1121 2743 1144 2777 e.

111 2865 151 2914 16.
170 2861 217 2912 Sic
234 2862 398 2928 Sugambros
423 2866 452 2914 in
476 2862 587 2914 deditio-
671 2865 711 2914 25.
731 2876 826 2912 nomen
843 2863 1053 2927 imperatorium
1078 2861 1147 2912 Seu

74 2930 586 3062 abstulitattulitfilil..
636 2928 1148 3062 l.i.l·ttt²tttltt.ltttttt,lt

72 3063 174 3115 blieben
191 3064 239 3114 ani
250 3065 304 3115 dem
318 3067 419 3117 reobten
431 3066 492 3117 Uler
502 3065 583 3130 tibrig.
635 3064 777 3131 Triumphs,
798 3064 881 3115 iudom
900 3065 946 3115 der
959 3063 1014 3127 Zug
1031 3065 1088 3115 auls
1101 3065 1149 3116 Ca-

75 3131 101 3182 S.
123 3132 243 3184 arabbi).
269 3132 469 3196 Suaetugtt:
490 3135 585 3196 (Auga—
635 3133 697 3199 pitol
721 3134 781 3197 giog
804 3133 854 3182 und
878 3132 925 3182 der
946 3132 1069 3183 Feldberr
1093 3132 1150 3183 bier

74 3202 140 3260 stoa)
160 3197 238 3249 Ubios
261 3204 288 3250 et
304 3198 469 3264 Sugambros
491 3201 585 3253 deden·
637 3201 722 3251 seinen
735 3199 937 3257 Lorbeerlrrunz,
957 3201 1005 3249 den
1023 3198 1145 3258 Lorbeer,

76 3271 115 3346 lar
130 3281 159 3315 aa
177 3265 303 3346 &adm
326 3269 356 3316 in
376 3266 490 3318 Galliam
507 3273 587 3333 atquo
636 3268 684 3318 den
703 3283 736 3348 er·
749 3268 773 3317 in
793 3268 839 3317 der
857 3267 1006 3345 llaudlruss
1031 3268 1080 3317 und
1104 3267 1150 3346 mit

74 3346 255 3453 bap'iiibff
271 3332 586 3460 iiilfflialliiili
637 3335 1147 3468 lttsttltttJtttttttttfbtt

74 3465 172 3527 botius)
196 3467 381 3535 quodraginta
398 3467 474 3517 milia
492 3468 586 3521 dediti-
637 3469 742 3519 verlubr
772 3469 851 3518 daber
881 3469 906 3519 iu
933 3471 980 3520 der
1005 3464 1150 3519 Kniserzeit

75 3536 180 3587 eoram
197 3537 307 3585 tradem
321 3539 351 3585 in
365 3534 480 3586 Galliam
496 3538 587 3587 lueta-
637 3535 799 3587 aamuorisob
818 3535 949 3587 bisweilen
965 3551 1001 3593 so,
1023 3535 1082 3584 dass
1091 3547 1149 3584 maa

63 3616 126 3666 -que
141 3603 231 3667 n'pam
242 3600 329 3652 libana·
344 3604 449 3653 aedibus
466 3604 587 3666 assigna·
638 3605 702 3654 olane
737 3602 782 3653 das
819 3602 915 3664 irbrige·
936 3603 1068 3666 Gepraioge
1103 3599 1148 3649 des

73 3671 109 3719 tis
136 3669 285 3720 eollooaoa't
329 3669 421 3721 Strabo
439 3668 494 3720 Vll.
516 3673 538 3728 l,
559 3672 584 3722 d.
637 3669 770 3735 Triumphe
794 3668 862 3720 bloss
886 3669 933 3719 den
958 3667 1073 3717 Lot-beer
1095 3665 1150 3715 bio·

74 3734 137 3789 Tao.
157 3734 217 3787 Xll.
230 3738 272 3788 39.
638 3737 749 3798 aubrug.
787 3736 850 3787 llier
867 3736 901 3785 ist
914 3735 1006 3798 jedoob
1025 3746 1057 3781 aa
1075 3730 1149 3785 alnou

75 3805 149 3920 ὦ.
174 3802 276 3921 Stagos
296 3818 437 3922 νοεῖἔιᾳιιο
463 3803 587 3855 Marobo·
636 3803 821 3866 vollstindigeu
839 3801 959 3867 Triumplr
977 3799 1094 3862 gedaolrt.

132 3884 167 3920 m.
251 3886 284 3920 zu
301 3885 324 3919 o.
374 3907 380 3921 .
