2550 4350
457 82 479 132 etr

90 305 112 348 p.
124 291 164 334 ce.
176 285 217 349 cst
280 282 323 333 An
341 281 495 334 excussu
512 282 581 336 utvt
598 283 740 335 Auuusrt
757 283 877 336 xvies.
892 287 934 338 eo.
946 289 986 337 si.
1099 275 1166 338 ,189

102 436 270 500 testabilem
301 446 329 497 et
352 438 599 509 consceleratum,
621 444 703 518 tanta
724 437 808 498 vocis
830 456 865 498 ac
886 437 983 499 vultus
1007 440 1166 505 securitate

63 596 66 601 ¹
101 531 135 584 ut
163 523 277 583 labaret
304 521 457 593 indicium,
486 520 546 583 nisi
568 520 721 582 Milichum
750 539 824 582 uxor
847 522 1053 584 admonuisset
1073 526 1166 586 Anto-

102 607 185 667 nium
214 606 346 668 Natalem
376 605 467 667 multa
497 624 564 667 cnm
593 605 738 667 Scaevino
769 625 804 668 ac
833 614 949 667 secreta
978 607 1166 682 collocutum,

104 699 134 752 et
163 710 230 752 esse
259 700 404 768 utrosque
427 689 460 755 C.
482 688 604 751 Pisonis
627 689 760 752 intimos.
804 690 883 768 Ergo
906 691 1020 752 accitur
1041 691 1218 766 Natattcee

77 786 134 836 5et
156 774 267 836 diversi
289 775 512 852 interrogantur
535 774 674 853 quisnam
697 774 723 835 is
739 793 849 847 sermo,
874 794 931 854 qua
948 777 984 836 de
1000 795 1033 837 re
1049 776 1166 838 luisset.

103 860 178 920 Tum
208 866 309 921 exorta
339 857 483 939 suspicio,
518 857 587 937 quia
617 876 679 918 non
708 859 905 936 congruentia·
929 860 1167 938 responderant3

100 944 254 1023 inditaque
276 942 383 1003 vincla.
405 943 443 1003 Et
462 949 683 1003 tormentorum
704 951 859 1021 aspectum
881 945 1028 1010 aominas
1044 964 1105 1005 non
1121 954 1167 1006 tu-

101 1028 175 1089 lere.
197 1027 285 1087 Prior
309 1033 407 1087 tamen
422 1026 546 1100 Natalis,
570 1027 662 1088 totius
685 1027 920 1105 conspirationis
936 1029 1031 1106 magis
1048 1047 1167 1107 gnarus,

101 1111 190 1171 simul
221 1110 365 1188 arguendi
392 1110 528 1190 peritior,
558 1110 595 1171 dc
617 1110 729 1172 Pisone
757 1111 896 1196 primum
910 1113 1027 1185 latetur,
1058 1113 1167 1175 deinde
1240 1186 1244 1197 ,

62 1207 91 1254 10
101 1196 192 1256 adicit
214 1197 368 1256 Annaeum
391 1196 546 1268 Senecam,
576 1195 638 1256 sive
661 1194 863 1256 internuntius
886 1196 965 1257 inter
988 1216 1055 1259 eum
1077 1197 1166 1259 Piso·

99 1298 228 1358 nemque
250 1279 315 1350 luit,
344 1277 406 1338 sire
429 1287 462 1339 ut
482 1277 611 1339 Neronis
635 1278 759 1355 gratiam
788 1288 917 1358 peraret,
951 1282 1001 1359 qui
1030 1282 1167 1343 intensus

99 1366 233 1425 Senecae
257 1380 362 1423 omnes
384 1361 420 1423 ad
437 1380 505 1422 eum
521 1362 751 1442 opprimendum
766 1372 845 1425 artes
861 1365 1067 1443 conquirebat.
1091 1366 1167 1427 Tum
1252 1383 1255 1401 ¹

98 1447 219 1525 cognito
241 1446 356 1507 Natalis
383 1445 496 1506 indicio
520 1445 684 1509 Scaevinus
714 1466 843 1527 quoque,
874 1450 939 1528 pari
969 1448 1166 1511 inbecillitate
1196 1475 1199 1481 ·

99 1551 136 1593 an
168 1539 275 1592 cuncta
303 1531 363 1590 iam
393 1531 541 1607 patefacta
570 1531 697 1592 credens
720 1550 776 1592 nec
798 1531 892 1592 ullum
915 1533 1029 1595 silentii
1052 1534 1165 1596 emolu·

60 1624 241 1687 timentum,
271 1614 366 1675 edidit
393 1622 521 1674 ceteros.
564 1614 607 1674 Ex
630 1612 739 1692 quibus
760 1615 901 1674 Lucanus
925 1616 1167 1696 Quintianusque
1244 1664 1247 1669 ,

99 1708 129 1761 et
151 1700 278 1762 Senecio
309 1697 361 1758 diu
389 1696 536 1757 abnuere:
565 1706 636 1777 post
657 1696 807 1775 promissa
831 1697 999 1776 inpunitate
1023 1701 1165 1778 corrupti,

99 1803 158 1862 quo
185 1784 354 1845 tarditatem
379 1788 564 1852 excusarent,
594 1781 734 1842 Lucanus
756 1779 891 1855 Aciliam,
922 1791 1047 1843 matrem
1070 1802 1165 1858 suam,

98 1864 279 1948 Quintianus
303 1866 425 1927 Glitium
449 1865 573 1938 Gallum,
597 1864 726 1926 Senecio
741 1864 871 1926 Annium
887 1865 1067 1940 Pollionem,
1091 1867 1165 1928 ami-

98 1971 200 2014 corum
223 1951 414 2031 praecipuos,
437 1949 639 2012 nominavere.
661 1950 758 2028 Atque
779 1949 901 2011 interim
922 1951 1001 2012 Nero
1023 1952 1164 2014 recorda·
1177 1953 1218 2014 57

57 2045 145 2097 tetus
167 2035 281 2097 Volusii
304 2033 424 2096 Proculi
455 2033 568 2095 indicio
591 2032 753 2114 Epicharin
783 2034 903 2096 attineri
932 2043 1076 2114 ratusque
1097 2054 1164 2098 mu·

97 2119 192 2181 liehre
224 2139 333 2199 corpus
362 2120 459 2199 impar
487 2117 584 2179 dolori
618 2117 776 2179 tormentis
806 2116 964 2180 dilacerari
993 2119 1085 2181 iubet.
1129 2122 1166 2182 At
1232 2111 1239 2125 '

99 2204 180 2265 illam
204 2222 265 2264 non
287 2203 421 2276 verbera,
445 2222 506 2265 non
529 2203 624 2282 ignes,
647 2221 707 2263 non
731 2202 775 2264 ire
797 2221 833 2264 eo
849 2203 949 2269 acrius
967 2203 1168 2283 torquentium

98 2308 136 2350 ne
160 2307 175 2350 a
198 2289 309 2349 lomina
332 2297 554 2369 spernerentur,
577 2287 741 2368 pervicere,
765 2287 837 2366 quin
861 2287 978 2350 obiecta
994 2288 1166 2366 denegaret.

98 2372 150 2434 Sic
177 2372 295 2453 primus
324 2372 508 2451 quaestionis
539 2371 604 2434 dies
634 2381 836 2452 contemptus.
879 2373 1007 2435 Postero
1037 2391 1105 2434 cum
1128 2371 1166 2434 ad

58 2467 88 2515 25
101 2457 223 2517 eosdem
252 2456 402 2515 cruciatus
430 2456 633 2516 retraheretur
661 2457 827 2534 gestamine
850 2457 942 2520 sellae
964 2459 1045 2534 (nam
1068 2457 1166 2518 disso-
1232 2495 1242 2509 κ

97 2540 169 2599 lutis
191 2538 336 2599 memhris
358 2537 499 2598 insistere
521 2539 686 2617 nequibat),
715 2541 813 2601 vinclo
837 2542 959 2613 fasciae,
983 2560 1070 2619 quam
1093 2559 1165 2618 peo-

97 2622 156 2683 tori
187 2622 363 2693 detraxerat,
394 2620 425 2680 in
453 2621 574 2681 modum
602 2621 701 2699 laquei
725 2624 761 2684 ad
785 2641 887 2684 arcum
910 2623 1002 2685 sellae
1024 2623 1165 2684 restricto

98 2705 209 2767 indidit
237 2704 400 2775 cervicem,
436 2713 466 2764 et
494 2703 632 2781 corporis
660 2706 794 2782 pondere
824 2706 928 2767 conisa
957 2714 1077 2767 tenuem
1105 2706 1166 2767 iam

97 2789 237 2869 spiritum
260 2787 418 2867 expressit,
441 2788 572 2848 clariore
592 2787 727 2864 exemplo
750 2787 889 2849 libertina
913 2789 1021 2849 mulier
1035 2790 1066 2849 in
1084 2797 1165 2852 tanta

58 2886 89 2936 30
98 2874 278 2937 necessitate
302 2873 417 2934 alienos
441 2890 476 2933 ac
497 2888 594 2950 prope
616 2871 736 2950 ignotos
758 2873 955 2950 protegendo,
990 2890 1056 2933 oum
1079 2873 1164 2950 inge-

97 2961 149 3022 nui
173 2970 203 3021 et
225 2959 279 3019 viri
304 2967 334 3020 et
356 2956 473 3036 equites
494 2956 621 3017 Romani
645 2963 862 3034 senatoresque
885 2956 988 3018 intacti
1007 2957 1165 3018 tormentis

97 3045 255 3107 carissima
284 3060 407 3105 suorum
437 3041 565 3121 quisquc
592 3040 753 3121 pignorum
776 3041 950 3120 proderent.
994 3042 1061 3102 Non
1084 3042 1165 3103 enim

130 3225 185 3283 56.
210 3232 235 3280 9.
257 3227 391 3292 arguendi
413 3227 536 3293 peritior,
563 3239 606 3288 gc·
692 3225 732 3276 18.
761 3223 881 3275 Annium
897 3226 1051 3277 Pollionenr.
1089 3225 1115 3275 S.
1135 3236 1189 3276 zn'

95 3294 221 3343 schiclxter
244 3296 313 3344 scine
331 3293 452 3356 Angehen
475 3292 607 3357 glaubhal't
655 3290 697 3342 Vt.
719 3294 744 3344 9.

96 3375 127 3409 ²¹¹
144 3361 257 3410 lumen·
690 3378 743 3440 57.
768 3386 809 3436 25.
831 3384 967 3435 dissolutis
976 3386 1099 3434 meandris
1111 3383 1168 3434 sind

132 3429 171 3505 lsi·
198 3427 322 3476 Aciliam·
345 3427 468 3505 Afl⁰¹¹ll¹¹h
488 3427 533 3477 lit·
554 3426 605 3477 Lu·
655 3450 766 3502 Ablativi
790 3450 906 3503 absoluti.
945 3451 1071 3501 insistere
1101 3451 1168 3502 steht

96 3508 166 3545 cant:
201 3492 315 3543 Matrem
341 3493 435 3540 habuit
467 3492 605 3557 (Lucanus)
657 3517 764 3569 absolut,

96 3565 125 3610 et
140 3563 259 3624 regionis
277 3559 393 3609 eiusdem
411 3563 437 3607 et
451 3559 526 3607 urhis
548 3563 604 3620 (aus
819 3614 824 3625 ¹
956 3609 962 3620 ,

96 3628 232 3690 Corduba),
255 3626 372 3678 Aciliam
390 3627 505 3688 nominc,
522 3625 607 3677 Acilii
689 3611 862 3673 26·f‘1⁸⁰²⁰0·
897 3607 994 3690 N⁰¹¹J¹¹³
1011 3624 1036 3675 P·
1056 3610 1106 3689 ‚538
1129 3608 1163 3665 M·

95 3693 203 3745 Lucani
230 3695 329 3758 filiam,
363 3694 479 3743 oratoris
509 3707 606 3757 operae
657 3677 813 3760 simillium
832 3682 870 3728 θεῖ
886 3676 973 3737 sama
987 3677 1080 3756 drevic,
1099 3691 1167 3741 lm

96 3763 171 3828 apud
193 3761 367 3828 proconsules
392 3760 539 3824 frequentis
556 3778 607 3822 -,·
656 3747 817 3827 vltffmaltm
841 3745 980 3795 mmm
1001 3744 1105 3794 ⁶⁰¹²²b⁰t
1119 3759 1168 3809 pa-

96 3833 172 3887 cuius
191 3845 336 3896 cognomen
354 3830 417 3879 hnic
431 3827 546 3877 inditum
559 3842 606 3893 ap·
653 3814 792 3878 illumm-

90 3903 179 3965 paret.
692 3898 733 3948 tt.
753 3912 846 3949 orcum
863 3894 951 3960 sellae,
970 3895 1010 3946 die
1030 3895 1123 3947 Lchne.
