2550 4350
95 293 168 348 aaa.
180 290 220 347 ts)
281 285 322 335 na
341 282 495 334 excussu
512 282 580 334 urvr
599 253 816 347 auousrr'xu,
836 286 857 333 1.
870 286 893 335 2.
905 285 928 336 a.
941 287 966 336 4.
1112 276 1160 346 Ι31

97 437 305 519 novercalibus
330 437 408 498 odiis
423 437 535 496 uisura
558 436 762 497 Britannicum
791 445 821 497 et
843 435 1006 507 Octaviam,
1030 440 1162 514 proxima

96 524 160 583 suis
184 524 321 600 pignora.
352 521 492 583 Callistus
516 521 704 599 inprobatam
727 521 817 597 longo
842 521 979 588 discidio,
1004 539 1039 581 ac
1057 522 1081 581 si
1098 543 1162 583 rur-

97 625 163 666 sum
180 614 391 675 assumeretur,
414 624 449 666 eo
465 605 532 684 ipso
550 603 726 682 superbam,
749 603 896 682 longeque
911 604 1022 666 rectius
1037 605 1164 668 Lolliam

95 690 209 762 induci,
234 689 474 767 ‹parando-nullos
498 688 610 748 liberos
634 688 795 764 genuisset,
817 707 939 764 vacuam
964 688 1163 751 aemulatione

69 783 128 837 tot
149 773 294 853 privignis
316 775 450 852 parentis
474 773 541 831 loco
566 773 704 832 futuram.
743 775 786 832 m
806 771 905 832 Pallas
928 771 958 832 id
983 774 1108 833 maxime
1131 774 1163 834 in

58 858 261 949 ·3,Agrippina
284 858 414 928 laudare,
439 857 523 939 quod
536 855 703 916 Germanici
727 865 868 933 nepotem
892 874 992 916 secum
1018 858 1162 919 traheret:

74 952 77 957 '
116 941 219 1019 ignum
241 960 365 1019 prorsus
388 938 581 1018 imperatoria
604 941 720 1000 fortuna
743 939 868 1019 stirpem
884 940 1014 1000 nobilem
1032 949 1062 1000 et
1077 942 1163 1001 fami-

62 1020 152 1087 ¹‘liae
175 1026 271 1086 lrtla'uc
295 1024 495 1103 Claudiaeque
524 1033 663 1102 posteros
691 1023 888 1100 coniungere:
919 1043 956 1085 ne
981 1024 1162 1099 feminaex-

94 1118 179 1189 perta
210 1108 418 1179 fecunditatis,
454 1110 567 1184 integra
596 1107 730 1179 iuventa,
765 1104 973 1169 claritudinem
1003 1110 1163 1170 Caesarum

57 1195 185 1257 ltaliam
209 1192 240 1251 in
264 1194 385 1252 domum
409 1193 509 1252 ferret.
553 1191 747 1252 Praevaluere
770 1191 844 1268 haec
867 1193 966 1253 adiuta
984 1188 1194 1272 Agrippinae3
1223 1211 1225 1215 ·

95 1276 273 1349 inlecebris,
306 1294 381 1353 quae
410 1276 446 1337 ad
476 1294 542 1335 eum
566 1294 621 1353 per
642 1275 776 1354 speciem
799 1276 1034 1337 necessitudinis
1056 1278 1162 1338 crebro

94 1361 265 1422 ventitando
294 1359 410 1437 pellicit
438 1369 590 1438 patruum,
620 1370 653 1419 ut
680 1359 813 1438 praelata
841 1360 951 1421 ceteris
980 1372 1009 1421 et
1031 1362 1165 1422 nondum

96 1465 172 1506 uxor
194 1444 326 1523 potentia
351 1444 454 1505 uxoria
477 1444 536 1504 iarn
560 1452 702 1505 uteretur.
746 1443 820 1503 Nam
844 1444 893 1504 ubi
917 1445 963 1506 sui
979 1444 1162 1506 matrimonii

95 1529 177 1590 'certa
202 1529 271 1600 fuit,
302 1536 418 1589 struere
443 1529 555 1589 maiora
579 1527 757 1607 nuptiasque
780 1528 918 1600 Domitii,
942 1548 1029 1607 quem
1046 1549 1088 1590 -ex
1111 1530 1164 1591 Cn.

56 1627 84 1675 15
97 1612 295 1674 Ahenobarbo
325 1621 482 1690 genuerat,
516 1621 545 1673 et
567 1611 723 1683 Octaviae,
755 1611 891 1672 Caesaris
923 1612 1015 1683 filiae,
1045 1612 1163 1688 moliri3

91 1698 175 1774 quod
200 1697 266 1756 sine
288 1697 402 1758 scelere
425 1696 592 1775 perpetrari
615 1713 676 1754 nou
699 1703 824 1772 poterat,
849 1696 918 1773 quia
940 1696 974 1755 L.
987 1696 1088 1756 Silano
1108 1690 1163 1759 de-

98 1780 262 1857 sponderat
277 1776 429 1859 Oetayiam
446 1781 557 1859 Caesar
579 1779 775 1856 iuvenemque
799 1786 829 1838 et
850 1778 906 1838 alia
923 1779 1035 1839 clarum
1052 1780 1163 1856 insigni

95 1863 318 1942 triumphalium
347 1876 378 1925 et
404 1863 572 1942 gladiatorii
601 1862 735 1923 muneris
758 1861 978 1938 magnificentia
1001 1863 1166 1940 protulerat

97 1949 134 2008 ad
158 1947 256 2009 studia
279 1947 366 2025 vulgi.
397 1949 457 2010 Sed
481 1948 557 2008 nihil
579 1948 703 2009 arduum
726 1944 882 2007 videbatur
904 1946 934 2006 iu
957 1946 1056 2006 animo
1079 1946 1164 2024 prin-
1244 1998 1248 2006 .

56 2032 184 2114 accipis,
209 2032 256 2093 cui
280 2051 338 2093 non
362 2033 516 2106 iudicium,
541 2051 600 2093 non
624 2031 725 2092 odium
748 2041 812 2090 erat
834 2030 893 2090 nisi
915 2028 1009 2091 indita
1025 2039 1055 2090 et
1070 2030 1162 2091 iussa.

96 2117 189 2194 {gitur
211 2117 360 2189 Vitellius,
391 2118 512 2178 nomine
541 2117 678 2178 censoris
707 2114 831 2176 serviles
860 2113 993 2175 fallacias
1019 2112 1195 2192 obtegensl

98 2201 359 2280 ingruentiumque
383 2201 620 2262 dominationum
643 2199 797 2280 provisor,
828 2218 886 2278 quo
911 2197 1034 2277 gratiam
1057 2198 1165 2278 Agrip·

96 2285 185 2364 pinae
200 2294 336 2362 pararet,
360 2285 497 2346 consiliis
521 2285 585 2346 eius
607 2284 764 2364 implicari,
789 2286 867 2345 ferre
890 2283 1016 2344 crimina
1039 2283 1069 2343 in
1087 2284 1163 2347 Sila-

97 2388 177 2440 num,
202 2370 287 2430 cuius
312 2389 384 2430 sane
407 2371 517 2431 deeora
540 2381 568 2430 et
586 2388 695 2447 procax
711 2387 807 2439 soror,
830 2369 913 2429 lunia
931 2367 1060 2441 Calvina,
1081 2368 1164 2430 :baud

50 2453 222 2514 ¹aorrrultum
246 2465 314 2513 ante
332 2453 440 2513 Vitellii
463 2471 555 2514 nurus
578 2455 684 2515 luerat.
707 2453 795 2512 'Hinc
811 2453 928 2513 initium
945 2453 1164 2527 accusationis,

96 2539 280 2612 fratrumque
304 2553 365 2595 non
388 2535 536 2596 incestum
559 2537 612 2596 sed
635 2535 849 2596 incustoditum
872 2554 1004 2596 amorem
1024 2536 1063 2595 ad
1087 2537 1163 2595 inf-

96 2620 186 2678 miam
210 2622 308 2677 traxit.
346 2618 382 2676 Et
404 2617 568 2697 praebebat
583 2618 694 2678 Caesar
708 2635 805 2688 aures,
823 2617 1007 2694 accipiendis
1023 2619 1165 2679 adversus

74 2834 79 2838 ·
127 2821 152 2869 4.
185 2815 292 2881 qnando
322 2813 410 2864 natllos
439 2814 535 2863 liberos
560 2829 606 2878 ge·
654 2812 781 2881 praelato
805 2813 898 2860 ceteris
917 2811 999 2870 ,durch
1018 2817 1044 2861 et
1060 2813 1167 2863 verbuu-
1233 2810 1252 2842 ²

92 2881 607 2945 auissetgehdrtzumllolgendeu.Ueber
641 2881 719 2938 'den,
751 2878 929 2928 intentiosa
953 2875 1047 2928 Worte
1072 2879 1096 2927 in
1122 2881 1168 2931 der

90 2955 226 3019 priuignis
243 2967 274 3000 zu
291 2949 338 3001 Xl.
360 2951 400 3002 38.
637 2949 761 3010 ὀιηςεῑιιι
779 2946 926 3008 Redeuturg
945 2953 1044 3007 gesetzt
1061 2947 1116 2996 siud
1134 2973 1168 2994 =
1269 2947 1271 2950 ’

128 3023 151 3071 6.
181 3019 333 3069 Gernnunici
349 3016 535 3084 nepotem,L.
555 3016 605 3066 llo·
660 3016 716 3066 ‘den
734 3014 839 3077 iibrigen
861 3028 908 3063 nur
923 3015 1096 3076 vorgezogeu'.

93 3088 177 3137 mitius
195 3092 224 3148 ts.
235 3086 340 3146 Xlll),
361 3087 407 3136 der
419 3085 514 3135 darauf
523 3088 605 3150 stabps
693 3085 731 3135 16.
749 3080 901 3132 L.Sa'lanur
918 3095 974 3131 war
985 3082 1031 3132 der
1042 3082 1108 3133 Solru
1123 3083 1167 3133 des
1253 3105 1258 3122 ι

93 3155 190 3204 nobilis
207 3155 244 3204 als
258 3155 383 3204 llorrritier
397 3153 483 3203 beisst.
515 3153 605 3219 Agrip·
655 3151 724 3216 App.
744 3149 861 3213 Silanus,
880 3165 929 3207 ¹von
948 3149 1004 3199 dem
1021 3166 1052 3199 zu
1071 3150 1113 3202 lV.
1134 3153 1167 3203 68

92 3223 151 3288 pina
169 3219 228 3271 war
243 3222 283 3271 dic
300 3222 377 3273 letzte
390 3221 486 3272 welche
500 3237 549 3270 rou
562 3223 605 3270 vd·
656 3235 681 3268 u.
701 3217 745 3269 Xl.
762 3220 801 3276 29,
825 3217 874 3266 und
892 3225 1006 3268 stammta
1024 3233 1072 3268 von
1084 3221 1168 3282 Augu·

93 3289 213 3339 terliober
237 3288 305 3339 Seite
331 3290 386 3338 dem
409 3288 537 3339 Jullscheu
556 3288 605 3338 Ge·
655 3295 717 3337 atus.
737 3284 806 3335 Xlll.
823 3289 844 3336 1.
865 3283 934 3335 Suet.
953 3285 1041 3336 Claud.
1056 3288 1096 3338 29.

93 3356 204 3406 schlecbt
221 3357 366 3419 angehdrtc,
392 3355 473 3404 inderu
492 3356 539 3405 der
555 3372 604 3404 vou
689 3350 717 3408 4.
738 3354 779 3404 21.
801 3355 923 3402 censoru.
960 3352 986 3403 S.
1008 3369 1038 3402 zu
1056 3351 1100 3403 Xl.
1126 3355 1165 3405 ta.
1226 3365 1229 3372 ’

93 3426 221 3483 Augustus
247 3422 371 3487 adoptirte
392 3419 510 3474 Tiberius
533 3423 604 3472 ibren
690 3423 730 3472 24.
758 3423 840 3470 cuius.
870 3419 917 3470 Die
935 3419 996 3469 llds.
1017 3422 1067 3468 cui.
1098 3420 1168 3470 liber

93 3488 175 3536 Vater
193 3487 356 3538 Germanicus
379 3487 478 3537 wieder
495 3489 606 3554 adoptirt
655 3479 702 3538 der
725 3487 802 3537 flativ
829 3487 921 3537 ldnnte
947 3487 993 3536 mit
1020 3501 1098 3535 soror
1120 3502 1168 3536 nur

95 3555 164 3603 batte
182 3553 211 3611 tl.
228 3555 267 3612 3);
294 3555 386 3605 eberiso
411 3553 531 3604 Claudius
555 3556 605 3606 und
654 3554 799 3605 verbunden
817 3554 934 3612 werden,
955 3569 1029 3603 weurr
1047 3568 1074 3602 es
1093 3567 1108 3602 a
1125 3569 1168 3618 po-

95 3621 164 3671 seine
183 3619 282 3682 Kinder
302 3621 342 3670 die
362 3620 456 3671 letzten
475 3618 625 3673 claudier.·'
655 3621 766 3673 sitiouell
783 3621 885 3680 atinde,
913 3636 940 3671 so
966 3620 1024 3669 dass
1043 3619 1088 3669 das
1106 3569 1167 3669 iar-

129 3690 153 3739 8.
174 3693 285 3752 otperto
301 3687 481 3748 facunditatis.
510 3689 539 3740 ll.
559 3689 603 3740 tv.
656 3689 767 3756 ticipium
798 3704 846 3739 voa
879 3705 933 3738 essa
965 3687 1028 3736 dazu
1061 3687 1168 3748 gedacbt

95 3758 128 3807 te
146 3771 193 3804 neo
210 3757 326 3804 sutirum
343 3757 460 3821 militem,
477 3757 525 3807 aad
539 3763 605 3808 aete
656 3757 759 3814 wdrde,
788 3756 838 3805 wie
862 3753 908 3805 Xl.
936 3756 951 3806 8
980 3769 1031 3802 roa>
1053 3753 1165 3804 Hibm‘a.

94 3839 151 3873 rem
168 3827 357 3888 expertumque
374 3824 442 3874 belli.
657 3824 715 3890 Vgl.
736 3840 767 3873 zu
784 3821 853 3888 xiil.
874 3824 898 3872 t.
1067 3822 1072 3836 ‘

129 3885 156 3946 8.
187 3893 225 3941 12.
247 3891 371 3942 *nondum
388 3908 460 3943 aanor
477 3892 543 3944 wird
561 3892 606 3943 mit
692 3893 732 3943 26.
753 3890 928 3952 llabnmqnc.
960 3886 986 3938 S.
1007 3903 1039 3938 zu
1055 3885 1101 3939 Xl.
1123 3890 1163 3940 38.
