2550 4350
64 256 182 362 ,cneo
260 295 302 347 aa
314 295 466 375 excussu
477 295 546 350 mvi
557 296 699 349 auousrr
709 296 782 367 xvi.
793 299 816 350 2.
827 300 851 350 a.
862 302 885 352 4.
896 301 920 351 a.
1063 289 1124 381 203

66 451 197 513 dedecus
227 459 380 523 averteret,
410 453 497 512 offert
519 451 691 531 imperatori
714 452 868 512 victoriam
892 458 997 512 cautus
1020 454 1124 516 adicit-

67 556 124 614 que
147 536 302 596 facundiae
318 555 469 610 coronam,
486 556 549 616 xqua
565 537 678 598 ludicra
694 537 869 597 deformitas
884 536 1042 598 velaretur.
1065 540 1123 599 Sed

58 621 145 701 ¹Nero
168 619 242 680 nihil
265 620 380 701 ambitu,
399 640 453 682 nec
475 629 623 703 potestate
645 629 768 683 senatus
791 641 867 701 opus
890 639 958 681 esse
974 621 1124 697 dictitans,

66 706 100 766 se'
128 723 254 784 aequum
283 706 439 767 adversum
461 709 592 767 aemulos
616 716 645 767 et
667 706 813 784 religione
835 706 966 767 iudicum
990 707 1126 768 meritam

25 791 185 852 'elaudem
213 790 434 864 adsecuturum,
460 791 555 870 primo
585 809 704 852 carmen
733 792 763 851 in
793 809 882 851 scena
904 791 1029 864 recitat3
1057 811 1125 852 mox

65 875 218 952 flagitante
245 875 332 952 vulgo
361 883 394 935 ut
421 874 520 937 omnia
550 876 647 936 studia
671 895 723 936 sua
746 875 914 955 publicaret
936 876 1022 949 (haec
1043 877 1125 938 enim

65 961 155 1020 verba
184 959 307 1035 dixere),
336 960 502 1036 ingreditur
531 961 685 1033 theatrum,
719 961 833 1021 cunctis
857 960 987 1021 citharae
1009 961 1125 1039 legibus

65 1044 285 1122 obtemperans,
308 1063 345 1104 ue
369 1046 467 1105 fessus
490 1046 643 1116 resideret,
673 1064 710 1105 ne
733 1046 873 1106 sudorem
897 1045 955 1105 nisi
979 1065 1012 1105 ea
1037 1065 1125 1123 quarn

64 1129 181 1189 indutui
210 1129 331 1205 gerebat
357 1139 439 1190 veste
468 1129 643 1207 detergeret,
677 1139 707 1190 ut
736 1130 814 1191 nulla
844 1128 905 1190 oris
935 1138 984 1191 aut
1006 1130 1123 1192 uarium

26 1225 55 1274 10
66 1222 254 1274 excrementa
276 1214 452 1275 viserentur.
475 1214 631 1275 Postremo
653 1216 747 1275 flexus
771 1233 847 1292 genu
864 1223 893 1275 et
909 1223 1026 1275 coetum
1041 1214 1124 1276 illum

64 1317 154 1359 manu
176 1307 341 1368 veneratus,
365 1299 529 1359 sententias
546 1298 904 1378 iudicum'opperiebatnr
918 1301 988 1360 licto
1004 1319 1123 1378 pavore.

64 1383 101 1443 Et
130 1381 215 1460 plebs
245 1383 365 1461 quidem
393 1383 491 1453 urbis,
525 1384 714 1444 histrionum
740 1402 858 1463 quoque
890 1393 992 1462 gestus
1025 1385 1125 1446 iuvare

65 1467 162 1539 solita,
184 1467 365 1545 personabat
387 1468 477 1528 certis
498 1469 597 1528 modis
619 1469 784 1547 plausuque
807 1470 985 1548 composito.
1016 1470 1125 1531 Crede-

64 1571 113 1611 res
134 1551 257 1624 laetari3
282 1571 315 1611 ac
338 1553 464 1613 fortasse
479 1553 666 1612 laetabantur
681 1571 736 1630 per
751 1553 896 1613 incuriam
911 1554 1024 1632 publici
1041 1556 1124 1633 flagi-

27 1647 55 1696 15
65 1636 108 1696 tii.
149 1636 208 1697 Sed
232 1636 282 1716 qui
304 1632 430 1696 remotis
452 1656 468 1696 e
490 1636 662 1713 municipiis
686 1655 879 1714 severamque
902 1639 999 1698 adhuc
1019 1648 1050 1698 et
1073 1642 1154 1702 an·5

65 1719 140 1798 tiqui
163 1721 255 1781 moris
277 1721 441 1781 retinentes
455 1720 580 1791 ltaliam,
604 1720 714 1798 quique
736 1739 792 1798 per
810 1720 988 1798 longinquas
1004 1724 1124 1799 provin-

65 1805 127 1864 cias
149 1805 269 1866 lascivia
292 1805 438 1884 inexperti
462 1805 563 1864 officio
586 1804 764 1880 legationum
789 1813 840 1864 aut
862 1805 973 1882 privata
996 1806 1124 1868 utilitate
1196 1862 1204 1879 ,

64 1892 252 1960 advenerant,
280 1909 376 1968 noque
404 1899 556 1969 aspectum
584 1890 667 1949 illum
689 1888 817 1949 tolerare
840 1907 936 1967 neque
959 1889 1054 1950 labori
1077 1892 1128 1952 in-

63 1975 190 2036 honesto
212 1976 358 2046 sufficere,
383 1994 449 2036 cum
472 1974 609 2035 manibus
632 1973 742 2034 nesciis
765 1974 948 2055 fatiscerent,
971 1975 1125 2037 turbarent
1207 2018 1210 2025 -

23 2069 53 2118 20
64 2077 172 2137 gnaros
201 2068 248 2119 ac¹
263 2078 353 2138 saepe
386 2079 403 2121 a
433 2060 576 2122 militibus
598 2059 837 2130 verberarentur,
861 2059 989 2138 qui-per
1011 2079 1123 2123 cuneos

63 2144 197 2216 stabant,
227 2162 265 2204 ne
293 2144 372 2224 quod
400 2145 545 2224 temporis
563 2153 757 2206 momentum
783 2143 884 2223 inpari
914 2143 1042 2204 clamore
1073 2155 1124 2207 aut

63 2228 184 2289 silentio
207 2230 290 2306 segni
313 2230 499 2309 praeteriret.
530 2229 672 2292 Gbustitit
694 2229 855 2308 plerosque
877 2230 1021 2308 equitum,
1053 2229 1123 2291 dum

61 2332 119 2394 per
145 2315 298 2391 angustias
326 2316 423 2376 aditus
452 2315 695 2394 etingrueotem
718 2313 938 2376 multitudinem
954 2312 1122 2389 enituntur,

48 2397 199 2471 obtritos,
223 2408 252 2458 et
274 2398 359 2471 alios,
382 2394 554 2481 dumblan]
577 2407 755 2479 noctemque
777 2400 922 2460 sedilibus
937 2400 1121 2473 continuant,

19 2483 167 2544 aemorho
192 2482 335 2543 exitiabili
358 2488 537 2565 correptam-'-
565 2484 686 2563 Quippe
708 2485 826 2562 gravior
847 2485 944 2546 inerat
965 2498 1072 2557 metus,
1095 2485 1122 2546 si

61 2565 233 2643 spectaculo
261 2564 437 2638 defuissent,
465 2566 571 2635 multis,
594 2569 693 2645 palam
722 2577 752 2629 et
772 2568 908 2646 pluribus
932 2570 1067 2641 occultis,
1090 2579 1122 2631 ut

62 2648 185 2711 nomina
214 2667 248 2709 ac
269 2649 376 2721 voltus,
404 2650 587 2712 alacritatem
608 2651 821 2729 tristitiamque
845 2652 1015 2712 coeuntium
1037 2672 1122 2714 soru-

62 2743 205 2796 tarentur.
239 2732 325 2795 Unde
347 2733 659 2969 tenuioribwdm
680 2734 816 2811 inrogata
838 2735 995 2814 supplicia,
1018 2737 1122 2798 adver·

60 2921 210 2969 certamine.
235 2916 339 2994 Tacitus
356 2877 430 2969 fflrt
447 2935 477 2968 zu
496 2868 529 2966 ei
653 2920 692 2970 12.
714 2920 814 2979 iuvare,
838 2917 920 2967 iridem
943 2919 980 2969 sie
999 2918 1125 2969 dieselben

60 2989 162 3038 frdbern
178 2986 234 3038 Zeit
251 2987 345 3038 curtiali
364 2987 401 3038 als
420 2987 461 3037 dfe
479 2986 520 3045 ist,
541 2987 566 3036 iu
617 2987 695 3037 dureb
728 2984 819 3036 Beifall
847 2987 1006 3050 ermutbigte.
1043 2987 1125 3039 Ueber

58 3055 155 3106 welche
179 3054 219 3106 eiu
243 3055 317 3107 'l'beil
335 3057 384 3107 ‘des
410 3057 503 3106 vorber
520 3055 567 3105 Be·
613 3070 761 3122 personare
779 3071 809 3103 zu
827 3052 898 3106 xlv.
920 3057 959 3107 15.

59 3124 180 3183 ricbtetcu
199 3124 249 3174 fiel.
269 3124 436 3206 liiedpzeige
454 3124 567 3175 desbos-
652 3140 684 3196 5ο
712 3141 751 3211 Ῑβ,
769 3155 820 3205 per
839 3139 1000 3205 longinquas
1016 3144 1124 3206 provin.
1229 3135 1232 3138 ’

60 3207 102 3240 sus
127 3192 167 3241 fiel
190 3208 237 3242 vor
255 3194 295 3243 dre
314 3193 404 3259 Sprale.
441 3192 565 3244 Dessbalb
617 3211 673 3260 oia,
691 3210 780 3272 gebest
796 3223 827 3256 zu
846 3207 956 3260 lascivia
973 3211 1113 3275 inexperti,

59 3259 523 3393 serasera,batanaea.
573 3368 591 3427 ,-
1063 3294 1124 3411 tta

63 3390 310 3510 Spgeleaqzrpttpiptepie
326 3392 505 3523 {guz-dun?
575 3432 589 3479 x'
617 3427 829 3494 emporarbeiteu';
847 3428 1025 3494 dieEingauge
1036 3445 1123 3480 wareo

63 3525 168 3580 senus».
187 3525 214 3576 Α
263 3540 309 3576 um
325 3524 377 3576 ad„
425 3526 428 3531 -
468 3538 567 3578 ,amb
616 3494 745 3557 niedriger
762 3495 799 3545 als
818 3496 857 3546 die
876 3495 952 3547 Sitze.

62 3596 108 3658 ιω,
127 3595 152 3643 in
170 3593 210 3656 εις
292 3593 352 3644 stell
437 3580 568 3646 mame.
652 3580 693 3629 24.
712 3578 845 3630 sedilibus.
864 3579 946 3629 [leber
963 3581 1010 3631 den
1023 3581 1123 3632 blosseu

62 3662 178 3713 werhem
196 3650 361 3727 gependberc
408 3652 452 3683 ’Ν
617 3645 673 3696 ΑΜ·
694 3662 725 3695 ²¹¹
743 3646 784 3698 ¹¹¹·
805 3651 846 3700 5¹·

94 3734 117 3782 7.
145 3731 265 3781 citharae
295 3730 408 3796 legibue,
440 3728 488 3780 deu
518 3728 567 3780 ua·
651 3731 692 3782 tt.
705 3729 1025 3789 cocuntiumimeeater.
1046 3732 1121 3783 Diese

59 3805 153 3858 setzen,
165 3797 566 3849 welcbedieCitbaroedeobeob·
616 3799 755 3866 Aufpasser
771 3798 915 3852 bemerkten
933 3797 1059 3849 leiclitdie
1072 3799 1122 3850 Ab·

60 3868 181 3926 acbteteo,
202 3867 227 3917 iu
245 3866 355 3918 weleber
364 3864 527 3930 argentumn
537 3880 566 3918 er
615 3869 754 3920 wesenbeit
793 3865 994 3918 bedentenderer
1032 3865 1122 3918 Perso-

59 3936 164 3987 austrut.
487 3938 492 3947 '
617 3950 672 3986 neu.
1074 3964 1076 3968 .
