2550 4350
58 282 73 325 1.
90 268 129 310 99
141 262 181 324 99)
224 260 267 312 ao
286 257 440 309 excussu
457 256 527 309 mvi
544 235 686 308 99199999
704 257 751 308 xi
774 261 813 310 99.
835 262 876 312 ao.
898 262 937 311 21.
1095 252 1132 311 15

67 414 245 494 plerosque,
281 387 324 471 199
359 411 437 489 apud
468 411 615 489 quosdam
637 411 759 472 sinistra
787 412 875 471 lama.
935 413 994 473 Cur
1015 414 1133 476 hostem

67 493 226 559 conciret?
269 494 438 556 Adversa
431 513 461 554 m
489 512 552 555 rem
580 486 732 590 puplicam
756 514 878 569 casura3
911 495 959 556 sin
987 514 1132 594 prospero

68 582 195 678 egisset,
228 579 454 639 formidolosum
483 578 550 657 paci
580 578 675 639 virum
699 579 847 656 insignem
869 588 899 640 et
921 579 1026 656 ignavo
1049 583 1132 659 prin·

62 666 122 743 cipi
145 682 331 742 praegavem.
375 663 469 738 Igitur
491 662 633 722 Claudius
662 662 736 723 adeo
765 682 872 723 novam
902 663 932 724 in
957 664 1131 726 Germanias

39 750 126 809 ovim
149 747 303 843 prohibuit
325 756 357 807 ut
378 745 484 806 relerri
507 746 657 824 praesidia
681 748 725 807 cis
747 747 884 808 Rhenum
907 730 1035 810 iuberet.
1071 751 1185 814 lam20

66 843 164 894 999999
188 833 218 891 in
241 831 344 892 hostili
367 830 432 890 solo
455 829 591 913 molienti
615 830 777 892 Corbuloni
801 850 854 892 eac
870 832 987 892 litterae
1002 833 1134 895 reddun-

65 927 122 978 tur.
167 915 219 976 llle
249 934 281 975 re
311 914 440 987 subita,
461 908 640 993 quamquam
670 915 760 975 multa
784 915 873 976 simul
897 917 1131 990 effunderentur,

64 1008 163 1061 metus
187 1018 221 1059 ex
244 999 426 1076 inperatore,
450 999 634 1077 contemptio
657 1017 692 1058 ex
707 998 852 1071 barbaris,
876 999 1037 1060 ludibrium
1053 1002 1133 1081 apud

63 1085 181 1154 socios,
213 1082 290 1165 nihil
321 1081 413 1155 alind,
431 1082 604 1161 prolocutus
628 1101 716 1161 quam
738 1083 844 1145 beatos
868 1085 1018 1162 quondam
1041 1087 1133 1147 duces

27 1171 236 1238 cenomanos,
275 1166 392 1244 signum
427 1166 562 1244 receptui
591 1166 682 1227 dedit.
741 1167 779 1228 Ut
808 1174 907 1228 tannen
930 1168 1016 1230 miles
1040 1170 1135 1231 otium

60 1260 196 1323 exueret,
234 1250 313 1310 inter
343 1251 456 1311 Mosam
485 1251 682 1328 Rhenumque
712 1251 800 1311 trium
832 1262 861 1312 99
882 1251 986 1329 viginti
1018 1254 1133 1315 milium

63 1336 162 1431 spatio
186 1337 299 1395 fossam
322 1334 475 1414 perduxit,
511 1353 567 1413 qua
591 1335 705 1395 incerta
728 1335 1035 1398 Oceantvitarentur.
1072 1340 1134 1405 ¹ln·

62 1421 160 1497 signia
190 1429 288 1480 tamen
312 1418 455 1499 triumphi
478 1418 610 1481 indulsit
626 1419 749 1492 Caesar,
784 1422 918 1499 quamvis
946 1421 1056 1483 bellum
1080 1442 1132 1484 ne·
1174 1445 1204 1481 ,·

60 1505 201 1583 gavisset.

24 1601 53 1650 15
150 1589 211 1648 Nec
239 1587 333 1674 multo
363 1597 433 1666 post
456 1586 576 1648 Curtius
598 1574 693 1646 Rulus
716 1588 845 1649 eundem
867 1588 1012 1649 honorem
1036 1589 1133 1669 adipi·

65 1673 175 1743 scitur,
214 1672 262 1748 qui
287 1670 330 1731 in
364 1688 435 1748 agro
458 1670 596 1731 Mattiaco
626 1670 813 1731 recluserat
807 1690 930 1750 specus
954 1673 1133 1750 quaerendis

63 1757 149 1815 venis
183 1755 314 1831 argentm
351 1756 431 1816 unde
464 1753 563 1816 tenuis
592 1754 706 1827 fruetus
733 1773 789 1814 noo
812 1755 842 1814 in
864 1755 986 1832 longum
1010 1757 1080 1827 luit,
1104 1765 1134 1818 99
1196 1780 1199 1784 ·

51 1839 235 1916 legionibus
259 1857 325 1899 cum
354 1841 463 1900 damno
492 1837 592 1910 labor,
630 1837 763 1898 effodere
796 1839 894 1909 rivos,
934 1857 1069 1917 quaeque
1102 1841 1134 1899 in

64 1931 170 2001 aperto
193 1923 305 2000 gravia,
337 1925 460 1985 humum
494 1923 570 1983 19199
602 1922 712 1982 moliri.
773 1921 847 1994 Qttis
871 1921 1012 1983 subactus
1035 1923 1132 1996 miles,

23 2019 55 2073 20
67 2018 97 2067 99
120 2007 188 2085 quia
212 2007 317 2086 plures·
336 2027 391 2087 per
412 2006 584 2088 provincias
597 2084 600 2091 ,
613 2005 722 2069 similia
752 2006 972 2081 tolerabantur,
1010 2024 1134 2085 compo·

63 2092 109 2155 nit
132 2092 264 2153 occultas
286 2092 402 2154 litteras
425 2093 547 2154 nomine
570 2092 767 2164 exercituum,
793 2091 978 2170 precantium
1003 2091 1133 2169 impera·
1175 2116 1180 2122 ·

63 2185 160 2236 torem
194 2185 241 2247 ut,
279 2175 389 2255 qiaibus
417 2177 620 2255 permissurus
643 2186 726 2239 esset
747 2176 910 2248 exercitus,
940 2176 1133 2255 triumphalia
1191 2226 1196 2233 .

65 2268 135 2319 ante
159 2260 310 2322 tribueret.

65 2400 66 2403 ,
148 2345 190 2405 De
221 2345 337 2422 origine
366 2345 459 2406 Curtii
480 2345 561 2417 119911,
602 2363 689 2422 quom
719 2345 883 2423 gladiatore
912 2319 1044 2423 genitum
1068 2345 1133 2425 qui·
1145 2347 1180 2409 21

24 2441 55 2490 25
68 2429 134 2488 dam
158 2430 334 2507 prodidero,
363 2447 460 2506 neque
483 2430 558 2489 19199
581 2431 782 2513 prompserim
805 2439 835 2491 99
856 2448 925 2490 9999
949 2431 1054 2508 exequi
1077 2451 1164 2528 pu-

65 2514 125 2572 det.
170 2514 333 2607 Postquam
357 2511 495 2585 adolevit,
520 2519 652 2573 sectator
675 2515 844 2609 quaestoris
869 2514 916 2572 cui
932 2516 1031 2574 Africa
1054 2516 1133 2594 opti·

65 2602 164 2671 gerat,
203 2595 272 2653 dum
307 2596 337 2654 in
370 2595 482 2672 oppido
511 2594 673 2656 Adrumeto
707 2598 807 2657 vacuis
837 2614 892 2673 pcr
920 2592 1050 2657 medium
1074 2598 1135 2658 diei
1218 2621 1222 2630 ¹

98 2728 122 2777 3.
162 2729 243 2772 et—
264 2739 441 2788 praegravem
471 2724 505 2774 ist
531 2725 576 2774 mit
627 2725 1136 2775 19199991199990999999999199199

63 2789 1136 2873 9119999991999999,991919ιωί9199ηηί-Μ91919999919911991191999.9991999
1218 2800 1224 2811 ‘

64 2858 479 2924 19199999999919999991919199.
516 2859 574 2914 blan
626 2859 674 2910 llio
692 2858 747 2910 LX
767 2862 799 2911 30
826 2854 1004 2944 dceroqpevoe
1027 2860 1083 2908 πᾶν
1107 2858 1158 2917 τὸ,

65 2930 188 2980 1199199999
215 2928 273 2978 dass
300 2927 423 2987 Corbulo,
456 2927 575 2978 noohdem
626 2923 727 3008 μεταξὺ
754 2927 804 2977 τοῦ
835 2943 863 2977 τε
888 2921 982 2988 Ῥήνου
1016 2923 1061 2977 καὶ
1089 2945 1137 2978 too

64 3013 93 3047 99
111 2997 187 3046 durch
214 2996 254 3046 die
278 2996 422 3058 Besiegung
447 2995 600 3046 1991199-
626 2990 734 3053 Μόσου,
755 2991 1138 3078 σταδιουςεβδομηκοντακαι
1235 3010 1239 3026 ¹

64 3081 154 3115 manen
183 3064 238 3113 eine
263 3064 414 3128 tibergrossc
438 3064 575 3114 9199991919-
627 3060 724 3114 ἑκατὸν
740 3056 903 3144 pdltoro,⁰
890 3079 935 3112 ινα
953 3060 991 3130 μὴ
1012 3059 1040 3113 οἱ
1054 3079 1137 3114 ποτα-

65 3132 284 3194 nunggewonuen,
303 3132 577 3183 cntwedorvouselbst
627 3128 677 3213 μοὶ
699 3126 729 3182 ἐν
746 3133 779 3200 τῆ
796 3132 845 3181 τοῦ
859 3124 977 3182 decaron
966 3129 1137 3202 πλημυρίδι

66 3202 127 3248 nach
148 3199 193 3249 199
202 3199 383 3251 Karserwurde
403 3201 504 3251 99991999
514 3201 577 3251 9199
628 3181 808 3268 ἆναρρέοντες
825 3197 1012 3265 πελαγίζωσιν.

67 3268 143 3316 durch
166 3267 215 3314 den
243 3269 307 3316 dann
333 3268 576 3319 wahrscbeinlichen
612 3281 616 3286 ’
664 3271 703 3319 11.
726 3267 833 3318 Coruus
850 3266 951 3330 Rufus,
970 3269 1016 3318 der
1033 3268 1137 3332 legatus

65 3335 179 3404 Versuch
200 3334 243 3382 des
251 3334 363 3393 11999999
385 3336 427 3384 ihn
445 3353 476 3385 zu
494 3335 577 3386 199991-
624 3351 677 3401 pro
692 3341 820 3400 praetore
837 3351 885 3384 von
902 3333 1044 3384 Germania
1061 3351 1136 3399 supo-

65 3385 142 3462 tigen,
164 3414 219 3447 zum
222 3401 351 3452 'Aulstand
370 3403 492 3466 gedrengt
510 3418 577 3453 wer·
627 3405 693 3453 9199.

68 3469 115 3515 den
135 3466 232 3514 wdrde
665 3471 704 3520 16.
726 3484 793 3534 agro
811 3469 947 3520 Mattiaco.
967 3468 993 3517 S.
1014 3483 1045 3516 zu
1063 3466 1133 3519 156.

100 3530 449 3583 poemenionem!
470 3537 511 3585 11.
663 3539 702 3588 18.
724 3552 784 3586 eom
802 3536 898 3586 damno
917 3537 942 3584 in
955 3533 1052 3584 Betrell
1067 3535 1136 3584 ihrer

99 3595 150 3652 20.
187 3600 211 3646 1.
238 3601 372 3650 resopita
400 3600 432 3648 iu
457 3601 503 3680 der
527 3601 574 3652 Ue·
627 3603 783 3655 Gesnndheit
808 3605 858 3653 und
882 3603 1007 3664 Kleidunq
1035 3601 1061 3664 (1.
1085 3605 1131 3656 111.

65 3665 689 3724 16111311111191999
708 3673 766 3722 dass
785 3671 829 3729 919,
840 3671 890 3720 wie
900 3671 1040 3732 imKriege‚
1059 3669 1135 3718 durch

98 3737 122 3784 9.
145 3734 283 3780 199999-
300 3733 456 3786 Romanos
449 3744 483 3786 ist
512 3737 570 3786 Aeo.
626 3739 704 3804 119999
723 3740 795 3789 einen
814 3739 907 3788 Ersatz
925 3739 1026 3788 19991999.

67 3802 112 3851 des
131 3799 246 3849 Ausruls·
430 3810 433 3817 ’
615 3814 619 3824 '
659 3811 732 3856 riooe
755 3821 810 3855 zum
828 3806 916 3866 Abzug
944 3807 988 3855 des
1011 3804 1135 3856 Wassors

101 3871 140 3920 12.
162 3867 379 3935 incertaOoeaoi,
390 3870 572 3922 dieuusiobere
627 3873 653 3922 in
671 3875 717 3923 den
737 3872 916 3934 Bergsverken.
