2550 4350
128 260 188 323 tue

507 263 654 318 CORNELI
672 263 785 318 Taclrl

1073 270 1195 332 (amitt

131 425 213 487 cibus
242 420 335 500 magis
364 426 394 481 et
420 418 623 498 inpotentibus
656 418 826 481 mulierum*
844 417 952 492 iussis,
986 437 1061 497 quae
1091 419 1197 501 Oppiis

130 507 278 589 quondam
300 504 423 582 aliisque
445 502 560 582 legibus
583 503 776 576 constrictae,
809 521 889 563 nuuc
916 502 1019 563 vinclis
1050 505 1196 568 exsolutis

77 594 236 660 34domos
259 592 337 661 lora,
368 588 426 649 iam
448 595 478 648 et
501 587 646 649 exercitus
668 595 815 666 regerent.
858 587 1023 648 Paucorum
1046 588 1197 651 baccad-

130 694 222 739 sensu
244 674 357 735 audita:
384 672 486 751 plures
510 671 723 744 obturbabant,
752 690 850 750 neque
871 671 997 732 relatum
1018 671 1055 732 de
1077 675 1200 752 negotio

84 778 89 807 1
102 819 106 826 ,
129 755 225 840 neque
247 758 400 820 Caecinam
423 755 542 835 dignum
567 765 662 817 tantae
690 754 734 816 rei
762 773 928 817 censorem.
972 756 1040 816 Mox
1061 756 1224 821 Valerius5

126 844 320 916 Messalinus,
358 840 404 903 cui
439 859 546 920 parens
575 841 701 902 Messala
737 840 890 920 ineratque
926 839 1023 918 imago
1056 850 1200 919 paternae

127 928 291 1001 facundiae,
313 926 470 1006 respondit
491 926 582 986 multa
604 924 730 986 duritiae
746 933 878 985 veterum
901 923 931 985 ia
954 924 1060 985 melius
1083 934 1111 988 et
1132 927 1198 990 lae·

127 1014 187 1076 tius
209 1020 336 1085 mutata3
368 1029 465 1088 neque
488 1009 577 1082 enim,
600 1018 632 1069 ut
655 1009 735 1082 olim,
759 1009 891 1070 obsideri
914 1009 1017 1070 urbem
1039 1009 1125 1071 bellis
1146 1021 1198 1074 aut

127 1097 296 1178 provincias
318 1093 436 1156 hostilis
460 1112 537 1154 esse.
585 1092 622 1153 Et
644 1111 736 1172 pauca
765 1093 939 1154 seminarum
967 1094 1197 1158 necessitatibus

128 1181 261 1254 concedi,
284 1198 359 1258 quae
381 1197 419 1238 no
441 1177 599 1254 coniugum
622 1177 739 1255 quidem
754 1186 889 1256 penates,
911 1178 985 1239 adeo
1008 1178 1110 1240 socios
1133 1199 1195 1241 non
1209 1194 1237 1243 to

127 1272 270 1336 onerent·,
292 1270 389 1322 cetera
410 1261 560 1340 promisca
583 1279 649 1321 cum
673 1261 789 1334 marito,
812 1280 868 1322 nec
890 1262 981 1323 ullum
1005 1263 1035 1322 in
1056 1282 1092 1324 eo
1115 1266 1197 1348 pacis

127 1348 382 1427 impedimentum.
414 1345 494 1406 Bella
515 1345 602 1423 plane
624 1346 763 1406 accinctis
788 1345 942 1421 obeunda3
965 1348 1019 1408 sed
1040 1357 1196 1410 reverten-

127 1432 205 1494 tibus
228 1439 299 1511 post
320 1429 453 1490 laborem
476 1429 554 1508 quod
577 1429 732 1489 honestius
752 1441 848 1509 'quam
877 1431 1013 1492 uxorium
1042 1432 1195 1495 levamen-

118 1514 215 1579 tum?
259 1514 302 1574 Ad
331 1513 470 1592 quasdam
502 1513 532 1573 in
562 1512 754 1574 ambitionem
781 1524 830 1575 aut
856 1516 1006 1577 avaritiam
1028 1517 1197 1597 prolapsas.

127 1598 230 1674 Quid?
261 1599 395 1677 ipsorum
422 1597 645 1675 magistratuum
673 1616 773 1659 nonne
800 1599 960 1679 plerosque
982 1601 1072 1661 variis
1093 1602 1194 1665 libidi-
1209 1615 1237 1664 15

126 1683 215 1746 nibus
244 1680 414 1744 obnoxios?
457 1682 524 1743 Non
553 1690 651 1744 tamen
679 1683 747 1744 ideo
775 1683 926 1745 neminem
955 1685 986 1744 in
1014 1686 1198 1762 provinciam

96 1767 213 1830 ·mitti.
258 1767 421 1846 Corruptos
444 1785 532 1845 saepe
559 1767 752 1845 pravitatibus
786 1787 912 1829 uxorum
941 1769 1075 1830 maritos.
1120 1771 1197 1832 Num

127 1871 198 1932 ergo
228 1853 325 1913 omnis
355 1851 483 1912 caelibes
517 1849 673 1930 integros?
721 1852 874 1913 Piacuisse
891 1853 1052 1931 ·quondam
1083 1854 1196 1933 Oppias

124 1937 222 2016 leges,
258 1937 302 1997 sic
324 1936 507 2015 temporibus
529 1935 573 1995 rei
597 1935 735 2014 publicae
764 1937 1003 2015 postulantibus3
1036 1940 1196 2002 remissum

124 2020 226 2100 aliquit
246 2028 351 2101 postea
374 2029 403 2081 et
425 2020 597 2098 mitigatum,
621 2021 689 2098 quia
712 2022 884 2100 expedierit.
922 2021 1044 2083 Frustra
1059 2032 1236 2086 nostramto

158 2210 180 2258 1.
201 2205 414 2271 Oppiislegibus.
457 2202 504 2252 Die
524 2204 568 2253 lea
583 2204 633 2269 Op·

121 2276 169 2389 Ma
193 2270 468 2389 meddvabiffldhffld
483 2273 573 2388 {⁹⁵25
587 2272 631 2322 ω’

145 2356 178 2388 rv.
316 2374 322 2385 .
357 2377 362 2394 ,
403 2356 409 2386 ι
465 2353 483 2387 u
496 2354 524 2387 er
576 2355 634 2388 eam

123 2405 149 2456 0.
163 2405 270 2470 Oppius,
289 2406 412 2454 mutnus
427 2405 520 2470 plebea,
539 2405 634 2469 (11111-

15 2492 20 2497 ·
122 2474 165 2523 bio
180 2471 219 2523 Ti.
232 2470 390 2537 Sempronio
408 2472 632 2534 ωηεν-1111111215

121 2556 146 2588 v.
162 2538 219 2600 Cb.)
244 2541 273 2588 in
301 2538 387 2589 medio
417 2540 515 2590 ardore
538 2542 635 2592 Punici

122 2606 201 2658 belli.-
217 2604 259 2657 Ne
276 2622 329 2671 qua
346 2608 443 2658 mulier
455 2609 519 2674 plus
530 2626 633 2661 emnam-

122 2676 191 2724 ciam
210 2676 274 2724 aecra'
284 2674 400 2738 baberet,
417 2681 632 2728 neuvestimento

121 2742 278 2792 uersicolori
303 2748 436 2808 aceretem,
465 2760 518 2794 neu
541 2749 632 2796 iuncte

121 2810 241 2861 oeuieato
260 2813 289 2859 aba
302 2811 633 2879 urbeoppidoueautpro·

13 2903 19 2909 -
120 2879 182 2942 piae
200 2877 262 2926 inde
280 2878 352 2927 mille
366 2895 464 2945 puseus
478 2882 533 2929 aiei
543 2896 633 2931 sacre·

121 2958 182 2992 rum
218 2943 368 2994 abdicarem
387 2962 467 2997 cama
484 2949 631 2997 uelleretur.

120 3009 173 3058 Der
208 3010 274 3060 lural
288 3011 436 3065 bezeiclmet
453 3015 508 3064 bier
526 3031 549 3064 u.
565 3029 586 3061 c.
600 3015 633 3064 34

120 3077 161 3126 die
179 3078 339 3130 mebrlacben
354 3081 553 3142 Bestinunuagen
573 3081 632 3141 (ca-

138 3146 192 3206 lta)
213 3144 257 3195 des
267 3146 397 3208 Gesetzes,
419 3150 468 3198 wie
482 3147 544 3197 oben
555 3163 577 3194 c.
587 3147 628 3196 25.

147 3210 230 3264 tlon.
249 3213 306 3264 XV.
318 3218 359 3268 20.

152 3271 201 3336 34.
236 3285 260 3333 4.
285 3299 369 3347 meque
385 3283 506 3331 relatum.
550 3277 577 3327 S.
598 3284 645 3327 zu‘

119 3343 286 3465 H'Mbbntae
311 3417 353 3463 rei
378 3425 518 3462 censerent.
563 3409 629 3460 luvi-

119 3480 187 3538 ctos,
216 3482 253 3531 als
277 3494 349 3528 wenc
374 3493 403 3526 er
420 3477 472 3526 sieb
491 3477 515 3526 in
534 3477 632 3527 Betrell'

118 3548 204 3598 dieser
215 3547 295 3598 Saclre
307 3544 348 3593 die
357 3542 505 3606 Relugnisse
518 3545 561 3595 des
572 3562 628 3596 vom

118 3615 192 3665 Stant
207 3608 340 3661 bestellten
358 3610 466 3660 Consors
484 3628 624 3663 unmaasse.

115 3681 145 3730 ll.
156 3681 188 3730 33
207 3692 261 3726 mon
278 3676 309 3726 id
326 3683 426 3743 tempus
445 3694 580 3730 cetasurae.

147 3744 275 3795 Valerius
292 3743 456 3797 Messalinus.
486 3747 511 3813 ξ.
523 3763 553 3797 zu
568 3747 585 3797 l.
596 3749 621 3799 8.

147 3813 171 3862 l.
197 3810 328 3878 duritiae,
355 3813 469 3871 Genitiv.
501 3815 626 3880 abbaiagig

118 3881 271 3932 tonmulta.
309 3881 335 3932 S.
356 3898 387 3934 zu
405 3881 436 3934 V.
447 3886 472 3935 4.

721 2208 760 2258 11.
779 2211 866 2257 cetera
876 2207 1014 2271 promisca
1025 2222 1084 2256 cum
1098 2211 1196 2258 marito

689 2274 742 2324 ‘des
761 2273 868 2337 Uebrige
887 2273 991 2324 tbeilten
1010 2274 1047 2322 sie
1065 2275 1110 2324 mit
1126 2276 1198 2326 ibren

686 2341 791 2398 Gatteu’,
819 2341 852 2390 im
870 2340 995 2404 Uebrigeu
1013 2343 1137 2405 gescbebe
1158 2343 1198 2393 ffir

685 2409 723 2458 sie
741 2409 808 2458 nicht
825 2409 903 2466 mehr,
925 2409 963 2459 als
983 2424 1056 2459 wenn
1072 2410 1113 2459 ilar
1121 2409 1198 2460 Manu

683 2475 760 2525 eMein
779 2476 803 2525 in
822 2475 868 2526 der
885 2476 993 2527 Proviaz
1012 2480 1091 2528 wire.

720 2561 758 2611 12.
774 2559 858 2624 plane
882 2560 1030 2620 ‘durcbaus',
1052 2562 1076 2611 in
1096 2577 1197 2613 eonces-

684 2627 762 2677 sivem
782 2626 866 2685 Sinna,
891 2627 945 2678 also
966 2629 1125 2691 ‘allerdings‘,
1146 2630 1197 2680 wie

683 2693 798 2747 xillae
826 2694 1022 2761 Temperandac
1043 2697 1126 2763 plane
1148 2714 1197 2763 pae-

684 2763 851 2813 blieanorum
870 2765 1014 2830 cupidines.
1044 2765 1119 2815 Diese
1133 2766 1198 2817 Con·
1256 2823 1263 2829 ⁵

684 2831 782 2881 cassian
810 2831 875 2881 leun
906 2833 951 2881 mit
978 2834 1034 2882 dem
1059 2832 1196 2883 Geuanlen

683 2898 819 2963 verknriplt
836 2899 898 2955 seia,
923 2899 981 2948 dass
999 2914 1055 2948 man
1075 2901 1131 2951 elne
1150 2900 1197 2950 ue-

683 2967 811 3029 bauptung
829 2964 897 3013 nicbt
908 2981 939 3013 zu
949 2966 1057 3015 sebeuen
1070 2968 1120 3025 hat,
1137 2968 1197 3019 weil

683 3031 720 3080 sle
739 3031 806 3080 nicht
824 3031 1023 3095 dieBedeutung
1035 3035 1085 3092 hat,
1108 3037 1131 3084 in
1151 3037 1197 3086 der

683 3098 720 3147 sie
738 3098 939 3162 aiasgesprocben
958 3099 999 3157 ist,
1020 3100 1070 3150 wie
1081 3101 1152 3152 Xlll.
1162 3107 1194 3155 6:

682 3164 818 3214 Datamam
828 3163 910 3227 plane
919 3164 1112 3218 documentum.
1140 3170 1193 3228 Cic.

682 3230 713 3280 ad
732 3231 791 3280 lam.
812 3229 853 3280 Vl.
872 3232 911 3287 21.
932 3236 958 3282 l:
991 3235 1113 3283 timidum
1141 3255 1197 3288 esse

682 3298 820 3347 dicebant:
850 3312 923 3348 mam
945 3300 1042 3364 plane,
1071 3304 1195 3353 timebam

681 3367 750 3414 enim
768 3381 802 3414 ne
824 3369 960 3416 euenirent
982 3382 1013 3416 ea
1036 3383 1105 3431 quae
1123 3374 1194 3420 aeci-

681 3431 791 3482 demmt.
967 3450 969 3457 ·

716 3518 754 3567 13.
774 3517 847 3582 qaod
869 3519 1004 3568 honestius
1022 3534 1102 3584 quam
1125 3538 1194 3574 aaa·

679 3587 751 3634 rium
776 3585 955 3655 levamentum.
998 3586 1090 3639 xlta
1116 3589 1195 3654 Quod

679 3654 814 3702 honestius
840 3657 977 3704 censoriae
1002 3659 1098 3706 mentis
1124 3658 1192 3709 leva·

678 3725 795 3770 mentum
805 3736 885 3785 quam
895 3737 1029 3773 assumere
1041 3728 1189 3791 coniugem.

714 3806 752 3855 14.
772 3803 816 3860 Aa
833 3805 874 3854 loir
892 3811 927 3855 at.

714 3890 750 3939 15.
768 3887 915 3955 plerosque,
934 3892 985 3944 wie
1001 3893 1044 3944 lll.
1062 3898 1085 3945 1.
1147 3939 1150 3944 .
