<?xml version="1.0" encoding="UTF-8"?>
<!DOCTYPE html PUBLIC "-//W3C//DTD XHTML 1.0 Transitional//EN"
    "http://www.w3.org/TR/xhtml1/DTD/xhtml1-transitional.dtd">
<html xmlns="http://www.w3.org/1999/xhtml" xml:lang="en" lang="en">
 <head>
  <title>
</title>
<meta http-equiv="Content-Type" content="text/html;charset=utf-8" />
  <meta name='ocr-system' content='tesseract 3.04.00' />
  <meta name='ocr-capabilities' content='ocr_page ocr_carea ocr_par ocr_line ocrx_word'/>
</head>
<body>
  <div class='ocr_page' id='page_1' title='image "./corneliustacitu00claugoog/corneliustacitu00claugoog_0464.png"; bbox 0 0 2550 4350; ppageno 0'>
   <div class='ocr_carea' id='block_1_1' title="bbox 75 253 1170 322">
    <p class='ocr_par' dir='ltr' id='par_1_1' title="bbox 75 253 1170 322">
     <span class='ocr_line' id='line_1_1' title="bbox 75 253 1170 322; baseline 0.009 -15"><span class='ocrx_word' id='word_1_1' title='bbox 75 258 80 262; x_wconf 91' lang='lat'><em>·</em></span> <span class='ocrx_word' id='word_1_2' title='bbox 100 262 222 322; x_wconf 61' lang='lat' dir='ltr'><strong>penus)</strong></span> <span class='ocrx_word' id='word_1_3' title='bbox 301 259 343 308; x_wconf 73' lang='lat' dir='ltr'><strong>,tn</strong></span> <span class='ocrx_word' id='word_1_4' title='bbox 362 258 515 310; x_wconf 80' lang='lat' dir='ltr'><strong>excusso</strong></span> <span class='ocrx_word' id='word_1_5' title='bbox 533 258 602 312; x_wconf 82' lang='lat' dir='ltr'><strong>ntur</strong></span> <span class='ocrx_word' id='word_1_6' title='bbox 619 260 761 312; x_wconf 78' lang='lat' dir='ltr'><strong>aucusnr</strong></span> <span class='ocrx_word' id='word_1_7' title='bbox 779 260 848 312; x_wconf 85' lang='lat' dir='ltr'><strong>xrn.</strong></span> <span class='ocrx_word' id='word_1_8' title='bbox 871 265 911 316; x_wconf 78' lang='lat' dir='ltr'><strong>te.</strong></span> <span class='ocrx_word' id='word_1_9' title='bbox 933 268 973 317; x_wconf 83' lang='lat' dir='ltr'><strong>te.</strong></span> <span class='ocrx_word' id='word_1_10' title='bbox 1130 253 1170 318; x_wconf 88' lang='lat'><strong>83</strong></span> 
     </span>
    </p>
   </div>
   <div class='ocr_carea' id='block_1_2' title="bbox 47 413 1256 2344">
    <p class='ocr_par' dir='ltr' id='par_1_2' title="bbox 47 413 1256 2344">
     <span class='ocr_line' id='line_1_2' title="bbox 103 413 1171 499; baseline 0.007 -27"><span class='ocrx_word' id='word_1_11' title='bbox 103 414 226 474; x_wconf 91' lang='lat' dir='ltr'><strong>conscio</strong></span> <span class='ocrx_word' id='word_1_12' title='bbox 262 421 292 473; x_wconf 91' lang='lat' dir='ltr'><strong>et</strong></span> <span class='ocrx_word' id='word_1_13' title='bbox 319 413 433 475; x_wconf 87' lang='lat' dir='ltr'><strong>veniam</strong></span> <span class='ocrx_word' id='word_1_14' title='bbox 464 423 620 493; x_wconf 78' lang='lat' dir='ltr'>sperante,</span> <span class='ocrx_word' id='word_1_15' title='bbox 654 416 680 476; x_wconf 90' lang='lat' dir='ltr'><strong>si</strong></span> <span class='ocrx_word' id='word_1_16' title='bbox 710 415 931 493; x_wconf 87' lang='lat' dir='ltr'><strong>largitionibus·</strong></span> <span class='ocrx_word' id='word_1_17' title='bbox 952 414 1171 499; x_wconf 67' lang='lat' dir='ltr'><strong>ualidissimum</strong></span> 
     </span>
     <span class='ocr_line' id='line_1_3' title="bbox 102 497 1173 576; baseline 0.006 -19"><span class='ocrx_word' id='word_1_18' title='bbox 102 517 252 576; x_wconf 85' lang='lat' dir='ltr'><strong>quemque</strong></span> <span class='ocrx_word' id='word_1_19' title='bbox 282 497 520 561; x_wconf 86' lang='lat' dir='ltr'><strong>obstrincxisset.</strong></span> <span class='ocrx_word' id='word_1_20' title='bbox 578 501 616 559; x_wconf 82' lang='lat' dir='ltr'><strong>m</strong></span> <span class='ocrx_word' id='word_1_21' title='bbox 648 501 753 561; x_wconf 91' lang='lat' dir='ltr'><strong>matris</strong></span> <span class='ocrx_word' id='word_1_22' title='bbox 784 501 827 562; x_wconf 88' lang='lat' dir='ltr'><strong>ira</strong></span> <span class='ocrx_word' id='word_1_23' title='bbox 856 500 938 561; x_wconf 93' lang='lat' dir='ltr'><strong>nulla</strong></span> <span class='ocrx_word' id='word_1_24' title='bbox 966 500 1173 563; x_wconf 84' lang='lat' dir='ltr'><strong>munificentia</strong></span> 
     </span>
     <span class='ocr_line' id='line_1_4' title="bbox 103 581 1199 661; baseline -0.001 -21"><span class='ocrx_word' id='word_1_25' title='bbox 103 581 207 652; x_wconf 92' lang='lat' dir='ltr'><strong>leniri,</strong></span> <span class='ocrx_word' id='word_1_26' title='bbox 242 583 295 642; x_wconf 90' lang='lat' dir='ltr'><strong>sed</strong></span> <span class='ocrx_word' id='word_1_27' title='bbox 324 582 463 661; x_wconf 77' lang='lat' dir='ltr'><strong>amplecti</strong></span> <span class='ocrx_word' id='word_1_28' title='bbox 494 583 662 658; x_wconf 85' lang='lat' dir='ltr'><strong>Octaviam,</strong></span> <span class='ocrx_word' id='word_1_29' title='bbox 697 583 810 646; x_wconf 77' lang='lat' dir='ltr'><strong>crebra&#39;</strong></span> <span class='ocrx_word' id='word_1_30' title='bbox 830 604 896 646; x_wconf 92' lang='lat' dir='ltr'><strong>cum</strong></span> <span class='ocrx_word' id='word_1_31' title='bbox 927 583 1031 644; x_wconf 91' lang='lat' dir='ltr'><strong>amicis</strong></span> <span class='ocrx_word' id='word_1_32' title='bbox 1054 592 1199 645; x_wconf 46' lang='lat' dir='ltr'><strong>secreta,</strong></span> 
     </span>
     <span class='ocr_line' id='line_1_5' title="bbox 47 666 1172 748; baseline 0.004 -24"><span class='ocrx_word' id='word_1_33' title='bbox 47 679 50 682; x_wconf 88' lang='grc'><em>·</em></span> <span class='ocrx_word' id='word_1_34' title='bbox 103 666 229 739; x_wconf 86' lang='lat' dir='ltr'><strong>habere,</strong></span> <span class='ocrx_word' id='word_1_35' title='bbox 263 685 354 745; x_wconf 89' lang='lat' dir='ltr'><strong>super</strong></span> <span class='ocrx_word' id='word_1_36' title='bbox 380 667 543 744; x_wconf 74' lang='lat' dir='ltr'><strong>ingenitam</strong></span> <span class='ocrx_word' id='word_1_37' title='bbox 573 669 724 729; x_wconf 93' lang='lat' dir='ltr'><strong>avaritiam</strong></span> <span class='ocrx_word' id='word_1_38' title='bbox 755 669 887 747; x_wconf 91' lang='lat' dir='ltr'><strong>undique</strong></span> <span class='ocrx_word' id='word_1_39' title='bbox 916 669 1062 748; x_wconf 85' lang='lat' dir='ltr'><strong>pecunias</strong></span> <span class='ocrx_word' id='word_1_40' title='bbox 1086 667 1172 745; x_wconf 87' lang='lat' dir='ltr'><strong>quasi</strong></span> 
     </span>
     <span class='ocr_line' id='line_1_6' title="bbox 76 750 1237 833; baseline 0.003 -25"><span class='ocrx_word' id='word_1_41' title='bbox 76 751 135 809; x_wconf 71' lang='lat' dir='ltr'><strong>ein</strong></span> <span class='ocrx_word' id='word_1_42' title='bbox 160 750 535 831; x_wconf 88' lang='lat' dir='ltr'><strong>subsidium&#39;corripiens:</strong></span> <span class='ocrx_word' id='word_1_43' title='bbox 561 753 697 813; x_wconf 89' lang='lat' dir='ltr'><strong>tribunos</strong></span> <span class='ocrx_word' id='word_1_44' title='bbox 720 763 750 814; x_wconf 92' lang='lat' dir='ltr'><strong>et</strong></span> <span class='ocrx_word' id='word_1_45' title='bbox 765 754 957 814; x_wconf 74' lang='lat' dir='ltr'><strong>centuriones</strong></span> <span class='ocrx_word' id='word_1_46' title='bbox 974 751 1099 823; x_wconf 87' lang='lat' dir='ltr'><strong>comiter</strong></span> <span class='ocrx_word' id='word_1_47' title='bbox 1122 770 1171 811; x_wconf 85' lang='lat' dir='ltr'><strong>ex·</strong></span> <span class='ocrx_word' id='word_1_48' title='bbox 1231 823 1237 833; x_wconf 26' lang='grc' dir='ltr'>ι</span> 
     </span>
     <span class='ocr_line' id='line_1_7' title="bbox 104 835 1172 916; baseline 0.001 -22"><span class='ocrx_word' id='word_1_49' title='bbox 104 836 224 913; x_wconf 77' lang='lat' dir='ltr'><strong>cipere3</strong></span> <span class='ocrx_word' id='word_1_50' title='bbox 255 835 375 895; x_wconf 90' lang='lat' dir='ltr'><strong>nomina</strong></span> <span class='ocrx_word' id='word_1_51' title='bbox 399 844 429 896; x_wconf 87' lang='lat' dir='ltr'><strong>et</strong></span> <span class='ocrx_word' id='word_1_52' title='bbox 451 837 575 897; x_wconf 92' lang='lat' dir='ltr'><strong>virtutes</strong></span> <span class='ocrx_word' id='word_1_53' title='bbox 597 838 758 908; x_wconf 87' lang='lat' dir='ltr'><strong>nobilium,</strong></span> <span class='ocrx_word' id='word_1_54' title='bbox 789 838 839 916; x_wconf 89' lang='lat' dir='ltr'><strong>qui</strong></span> <span class='ocrx_word' id='word_1_55' title='bbox 868 837 956 898; x_wconf 91' lang='lat' dir='ltr'><strong>etiam</strong></span> <span class='ocrx_word' id='word_1_56' title='bbox 981 848 1043 897; x_wconf 91' lang='lat' dir='ltr'><strong>tum</strong></span> <span class='ocrx_word' id='word_1_57' title='bbox 1066 852 1172 913; x_wconf 89' lang='lat' dir='ltr'><strong>super-</strong></span> 
     </span>
     <span class='ocr_line' id='line_1_8' title="bbox 105 918 1171 1000; baseline 0.001 -22"><span class='ocrx_word' id='word_1_58' title='bbox 105 929 205 989; x_wconf 84' lang='lat' dir='ltr'><strong>erant,</strong></span> <span class='ocrx_word' id='word_1_59' title='bbox 237 918 267 980; x_wconf 93' lang='lat' dir='ltr'><strong>in</strong></span> <span class='ocrx_word' id='word_1_60' title='bbox 291 920 406 980; x_wconf 89' lang='lat' dir='ltr'><strong>honore</strong></span> <span class='ocrx_word' id='word_1_61' title='bbox 429 919 556 992; x_wconf 87' lang='lat' dir='ltr'><strong>habere,</strong></span> <span class='ocrx_word' id='word_1_62' title='bbox 587 922 673 999; x_wconf 87' lang='lat' dir='ltr'><strong>quasi</strong></span> <span class='ocrx_word' id='word_1_63' title='bbox 698 930 855 1000; x_wconf 87' lang='lat' dir='ltr'><strong>quaereret</strong></span> <span class='ocrx_word' id='word_1_64' title='bbox 877 922 983 981; x_wconf 91' lang='lat' dir='ltr'><strong>ducem</strong></span> <span class='ocrx_word' id='word_1_65' title='bbox 1007 929 1037 980; x_wconf 86' lang='lat' dir='ltr'><strong>et</strong></span> <span class='ocrx_word' id='word_1_66' title='bbox 1057 927 1171 998; x_wconf 88' lang='lat' dir='ltr'><strong>partes.</strong></span> 
     </span>
     <span class='ocr_line' id='line_1_9' title="bbox 105 1002 1173 1084; baseline -0.001 -21"><span class='ocrx_word' id='word_1_67' title='bbox 105 1004 262 1078; x_wconf 81' lang='lat' dir='ltr'><strong>Cognitum</strong></span> <span class='ocrx_word' id='word_1_68' title='bbox 286 1003 316 1063; x_wconf 92' lang='lat' dir='ltr'><strong>id</strong></span> <span class='ocrx_word' id='word_1_69' title='bbox 340 1003 468 1075; x_wconf 83' lang='lat' dir='ltr'><strong>Neroni,</strong></span> <span class='ocrx_word' id='word_1_70' title='bbox 492 1004 692 1084; x_wconf 83' lang='lat' dir='ltr'><strong>excubiasque</strong></span> <span class='ocrx_word' id='word_1_71' title='bbox 714 1007 874 1079; x_wconf 85' lang='lat' dir='ltr'><strong>militares,</strong></span> <span class='ocrx_word' id='word_1_72' title='bbox 899 1023 974 1083; x_wconf 91' lang='lat' dir='ltr'><strong>quae</strong></span> <span class='ocrx_word' id='word_1_73' title='bbox 997 1014 1030 1064; x_wconf 90' lang='lat' dir='ltr'><strong>ut</strong></span> <span class='ocrx_word' id='word_1_74' title='bbox 1052 1002 1173 1078; x_wconf 86' lang='lat' dir='ltr'><strong>coniugi</strong></span> 
     </span>
     <span class='ocr_line' id='line_1_10' title="bbox 103 1087 1173 1165; baseline 0.001 -20"><span class='ocrx_word' id='word_1_75' title='bbox 103 1087 294 1165; x_wconf 90' lang='lat' dir='ltr'><strong>imperatoris</strong></span> <span class='ocrx_word' id='word_1_76' title='bbox 318 1087 399 1159; x_wconf 88' lang='lat' dir='ltr'><strong>olim,</strong></span> <span class='ocrx_word' id='word_1_77' title='bbox 423 1095 483 1148; x_wconf 82' lang='lat' dir='ltr'><strong>tunt</strong></span> <span class='ocrx_word' id='word_1_78' title='bbox 507 1098 539 1150; x_wconf 88' lang='lat' dir='ltr'><strong>ut</strong></span> <span class='ocrx_word' id='word_1_79' title='bbox 561 1091 647 1150; x_wconf 90' lang='lat' dir='ltr'><strong>matri</strong></span> <span class='ocrx_word' id='word_1_80' title='bbox 661 1090 872 1160; x_wconf 86' lang='lat' dir='ltr'><strong>servabantur,</strong></span> <span class='ocrx_word' id='word_1_81' title='bbox 887 1098 916 1150; x_wconf 87' lang='lat' dir='ltr'><strong>et</strong></span> <span class='ocrx_word' id='word_1_82' title='bbox 933 1089 1096 1149; x_wconf 88' lang='lat' dir='ltr'><strong>Germanos</strong></span> <span class='ocrx_word' id='word_1_83' title='bbox 1118 1105 1173 1147; x_wconf 90' lang='lat' dir='ltr'><strong>nu·</strong></span> 
     </span>
     <span class='ocr_line' id='line_1_11' title="bbox 64 1171 1189 1250; baseline -0.001 -19"><span class='ocrx_word' id='word_1_84' title='bbox 64 1183 161 1250; x_wconf 80' lang='lat' dir='ltr'><strong>tttper</strong></span> <span class='ocrx_word' id='word_1_85' title='bbox 184 1172 311 1231; x_wconf 88' lang='lat' dir='ltr'><strong>eundern</strong></span> <span class='ocrx_word' id='word_1_86' title='bbox 334 1171 365 1231; x_wconf 89' lang='lat' dir='ltr'><strong>in</strong></span> <span class='ocrx_word' id='word_1_87' title='bbox 388 1173 533 1233; x_wconf 91' lang='lat' dir='ltr'><strong>honorem</strong></span> <span class='ocrx_word' id='word_1_88' title='bbox 558 1175 698 1235; x_wconf 88' lang='lat' dir='ltr'><strong>custodes</strong></span> <span class='ocrx_word' id='word_1_89' title='bbox 721 1175 840 1235; x_wconf 91' lang='lat' dir='ltr'><strong>additos</strong></span> <span class='ocrx_word' id='word_1_90' title='bbox 863 1172 986 1249; x_wconf 85' lang='lat' dir='ltr'><strong>degredi</strong></span> <span class='ocrx_word' id='word_1_91' title='bbox 1009 1171 1102 1233; x_wconf 88' lang='lat' dir='ltr'><strong>iubet.</strong></span> <span class='ocrx_word' id='word_1_92' title='bbox 1130 1171 1189 1230; x_wconf 82' lang='lat' dir='ltr'><strong>Ac.</strong></span> 
     </span>
     <span class='ocr_line' id='line_1_12' title="bbox 107 1255 1249 1336; baseline -0.002 -21"><span class='ocrx_word' id='word_1_93' title='bbox 107 1275 145 1315; x_wconf 92' lang='lat' dir='ltr'><strong>ne</strong></span> <span class='ocrx_word' id='word_1_94' title='bbox 169 1264 255 1315; x_wconf 88' lang='lat' dir='ltr'><strong>coetu</strong></span> <span class='ocrx_word' id='word_1_95' title='bbox 273 1255 464 1316; x_wconf 90' lang='lat' dir='ltr'><strong>salutantium</strong></span> <span class='ocrx_word' id='word_1_96' title='bbox 480 1257 729 1336; x_wconf 80' lang='lat' dir='ltr'><strong>frequentaretur,</strong></span> <span class='ocrx_word' id='word_1_97' title='bbox 754 1268 874 1336; x_wconf 90' lang='lat' dir='ltr'><strong>separat</strong></span> <span class='ocrx_word' id='word_1_98' title='bbox 896 1256 1016 1316; x_wconf 91' lang='lat' dir='ltr'><strong>domum</strong></span> <span class='ocrx_word' id='word_1_99' title='bbox 1033 1265 1175 1316; x_wconf 88' lang='lat' dir='ltr'><strong>matrem·</strong></span> <span class='ocrx_word' id='word_1_100' title='bbox 1247 1309 1249 1313; x_wconf 81' lang='grc'>,</span> 
     </span>
     <span class='ocr_line' id='line_1_13' title="bbox 106 1338 1254 1426; baseline 0 -26"><span class='ocrx_word' id='word_1_101' title='bbox 106 1359 163 1417; x_wconf 87' lang='lat' dir='ltr'><strong>qne</strong></span> <span class='ocrx_word' id='word_1_102' title='bbox 187 1341 329 1400; x_wconf 79' lang='lat' dir='ltr'><strong>transfert</strong></span> <span class='ocrx_word' id='word_1_103' title='bbox 350 1339 382 1399; x_wconf 91' lang='lat' dir='ltr'><strong>in</strong></span> <span class='ocrx_word' id='word_1_104' title='bbox 406 1360 470 1401; x_wconf 90' lang='lat' dir='ltr'><strong>earn</strong></span> <span class='ocrx_word' id='word_1_105' title='bbox 490 1360 566 1420; x_wconf 87' lang='lat' dir='ltr'><strong>quae</strong></span> <span class='ocrx_word' id='word_1_106' title='bbox 578 1341 726 1420; x_wconf 77' lang='lat' dir='ltr'><strong>proculire</strong></span> <span class='ocrx_word' id='word_1_107' title='bbox 738 1341 885 1402; x_wconf 78' lang='lat' dir='ltr'><strong>Antoniae</strong></span> <span class='ocrx_word' id='word_1_108' title='bbox 902 1341 1008 1410; x_wconf 86' lang='lat' dir='ltr'><strong>lucrat,</strong></span> <span class='ocrx_word' id='word_1_109' title='bbox 1033 1338 1174 1417; x_wconf 89' lang='lat' dir='ltr'><strong>quotiens</strong></span> <span class='ocrx_word' id='word_1_110' title='bbox 1189 1388 1212 1400; x_wconf 29' lang='lat'><strong>‚1</strong></span> <span class='ocrx_word' id='word_1_111' title='bbox 1248 1408 1254 1426; x_wconf 35' lang='grc' dir='ltr'><strong><em>Ι</em></strong></span> 
     </span>
     <span class='ocr_line' id='line_1_14' title="bbox 104 1422 1256 1504; baseline 0 -20"><span class='ocrx_word' id='word_1_112' title='bbox 104 1426 169 1502; x_wconf 91' lang='lat' dir='ltr'><strong>ipse</strong></span> <span class='ocrx_word' id='word_1_113' title='bbox 191 1424 262 1486; x_wconf 93' lang='lat' dir='ltr'><strong>illuc</strong></span> <span class='ocrx_word' id='word_1_114' title='bbox 284 1425 452 1498; x_wconf 87' lang='lat' dir='ltr'><strong>ventitaret,</strong></span> <span class='ocrx_word' id='word_1_115' title='bbox 475 1435 597 1504; x_wconf 89' lang='lat' dir='ltr'><strong>saeptus</strong></span> <span class='ocrx_word' id='word_1_116' title='bbox 621 1426 706 1488; x_wconf 90' lang='lat' dir='ltr'><strong>turba</strong></span> <span class='ocrx_word' id='word_1_117' title='bbox 723 1425 930 1487; x_wconf 89' lang='lat' dir='ltr'><strong>centurionum</strong></span> <span class='ocrx_word' id='word_1_118' title='bbox 954 1433 984 1484; x_wconf 89' lang='lat' dir='ltr'><strong>et</strong></span> <span class='ocrx_word' id='word_1_119' title='bbox 998 1423 1069 1503; x_wconf 79' lang='lat' dir='ltr'><strong>post&#39;</strong></span> <span class='ocrx_word' id='word_1_120' title='bbox 1081 1422 1173 1484; x_wconf 82' lang='lat' dir='ltr'><strong>breve</strong></span> <span class='ocrx_word' id='word_1_121' title='bbox 1252 1442 1256 1447; x_wconf 91' lang='lat'>·</span> 
     </span>
     <span class='ocr_line' id='line_1_15' title="bbox 108 1504 1225 1586; baseline 0 -19"><span class='ocrx_word' id='word_1_122' title='bbox 108 1508 242 1569; x_wconf 89' lang='lat' dir='ltr'><strong>osculum</strong></span> <span class='ocrx_word' id='word_1_123' title='bbox 275 1509 457 1586; x_wconf 75' lang='lat' dir='ltr'><strong>digrediens</strong></span> <span class='ocrx_word' id='word_1_124' title='bbox 516 1510 598 1579; x_wconf 85' lang='lat' dir='ltr'><strong>Nihil</strong></span> <span class='ocrx_word' id='word_1_125' title='bbox 628 1529 727 1570; x_wconf 88' lang='lat' dir='ltr'><strong>rernm</strong></span> <span class='ocrx_word' id='word_1_126' title='bbox 755 1508 926 1569; x_wconf 90' lang='lat' dir='ltr'><strong>mortalium</strong></span> <span class='ocrx_word' id='word_1_127' title='bbox 950 1516 1009 1568; x_wconf 91' lang='lat' dir='ltr'><strong>tam</strong></span> <span class='ocrx_word' id='word_1_128' title='bbox 1028 1504 1225 1581; x_wconf 55' lang='grc'><strong>,1444111419</strong></span> 
     </span>
     <span class='ocr_line' id='line_1_16' title="bbox 67 1590 1174 1672; baseline -0.005 -20"><span class='ocrx_word' id='word_1_129' title='bbox 67 1603 143 1653; x_wconf 85' lang='lat' dir='ltr'><strong>t5ac</strong></span> <span class='ocrx_word' id='word_1_130' title='bbox 166 1593 275 1653; x_wconf 85' lang='lat' dir='ltr'><strong>fluxum</strong></span> <span class='ocrx_word' id='word_1_131' title='bbox 300 1602 347 1654; x_wconf 89' lang='lat' dir='ltr'><strong>cst</strong></span> <span class='ocrx_word' id='word_1_132' title='bbox 369 1613 456 1671; x_wconf 90' lang='lat' dir='ltr'><strong>quam</strong></span> <span class='ocrx_word' id='word_1_133' title='bbox 479 1595 557 1655; x_wconf 89' lang='lat' dir='ltr'><strong>lama</strong></span> <span class='ocrx_word' id='word_1_134' title='bbox 579 1594 733 1672; x_wconf 90' lang='lat' dir='ltr'><strong>potentiae</strong></span> <span class='ocrx_word' id='word_1_135' title='bbox 756 1610 816 1652; x_wconf 93' lang='lat' dir='ltr'><strong>non</strong></span> <span class='ocrx_word' id='word_1_136' title='bbox 833 1592 929 1650; x_wconf 84' lang='lat' dir='ltr'><strong>suavi</strong></span> <span class='ocrx_word' id='word_1_137' title='bbox 946 1591 1043 1651; x_wconf 85' lang='lat' dir='ltr'><strong>nixae.</strong></span> <span class='ocrx_word' id='word_1_138' title='bbox 1066 1590 1174 1653; x_wconf 89' lang='lat' dir='ltr'><strong>Statim</strong></span> 
     </span>
     <span class='ocr_line' id='line_1_17' title="bbox 107 1673 1176 1757; baseline -0.005 -20"><span class='ocrx_word' id='word_1_139' title='bbox 107 1677 246 1738; x_wconf 89' lang='lat' dir='ltr'><strong>relictum</strong></span> <span class='ocrx_word' id='word_1_140' title='bbox 268 1679 452 1756; x_wconf 73' lang='lat' dir='ltr'><strong>Agrippinae</strong></span> <span class='ocrx_word' id='word_1_141' title='bbox 469 1678 576 1757; x_wconf 85' lang='lat' dir='ltr'><strong>limen.</strong></span> <span class='ocrx_word' id='word_1_142' title='bbox 610 1677 714 1736; x_wconf 77' lang='lat' dir='ltr'><strong>llemo</strong></span> <span class='ocrx_word' id='word_1_143' title='bbox 739 1675 846 1745; x_wconf 88' lang='lat' dir='ltr'><strong>solari,</strong></span> <span class='ocrx_word' id='word_1_144' title='bbox 871 1691 959 1733; x_wconf 93' lang='lat' dir='ltr'><strong>nemo</strong></span> <span class='ocrx_word' id='word_1_145' title='bbox 982 1673 1066 1732; x_wconf 89' lang='lat' dir='ltr'><strong>adire</strong></span> <span class='ocrx_word' id='word_1_146' title='bbox 1088 1691 1176 1751; x_wconf 92' lang='lat' dir='ltr'><strong>prae-</strong></span> 
     </span>
     <span class='ocr_line' id='line_1_18' title="bbox 108 1753 1177 1838; baseline -0.006 -18"><span class='ocrx_word' id='word_1_147' title='bbox 108 1771 155 1823; x_wconf 88' lang='lat' dir='ltr'><strong>ter</strong></span> <span class='ocrx_word' id='word_1_148' title='bbox 175 1780 287 1838; x_wconf 90' lang='lat' dir='ltr'><strong>paucas</strong></span> <span class='ocrx_word' id='word_1_149' title='bbox 311 1763 447 1834; x_wconf 80' lang='lat' dir='ltr'><strong>feminas,</strong></span> <span class='ocrx_word' id='word_1_150' title='bbox 471 1754 573 1821; x_wconf 86' lang='lat' dir='ltr'><strong>amore</strong></span> <span class='ocrx_word' id='word_1_151' title='bbox 596 1776 631 1819; x_wconf 92' lang='lat' dir='ltr'><strong>an</strong></span> <span class='ocrx_word' id='word_1_152' title='bbox 656 1758 726 1818; x_wconf 90' lang='lat' dir='ltr'><strong>odio</strong></span> <span class='ocrx_word' id='word_1_153' title='bbox 751 1758 892 1817; x_wconf 89' lang='lat' dir='ltr'><strong>incertas.</strong></span> <span class='ocrx_word' id='word_1_154' title='bbox 922 1757 964 1815; x_wconf 82' lang='lat' dir='ltr'><strong>Ex</strong></span> <span class='ocrx_word' id='word_1_155' title='bbox 988 1753 1097 1832; x_wconf 86' lang='lat' dir='ltr'><strong>quibus</strong></span> <span class='ocrx_word' id='word_1_156' title='bbox 1113 1762 1177 1815; x_wconf 89' lang='lat' dir='ltr'><strong>erat</strong></span> 
     </span>
     <span class='ocr_line' id='line_1_19' title="bbox 107 1838 1179 1924; baseline -0.007 -20"><span class='ocrx_word' id='word_1_157' title='bbox 107 1844 192 1904; x_wconf 79' lang='lat' dir='ltr'><strong>limia</strong></span> <span class='ocrx_word' id='word_1_158' title='bbox 216 1845 325 1914; x_wconf 87' lang='lat' dir='ltr'><strong>Silana,</strong></span> <span class='ocrx_word' id='word_1_159' title='bbox 350 1865 437 1924; x_wconf 82' lang='lat' dir='ltr'><strong>quant</strong></span> <span class='ocrx_word' id='word_1_160' title='bbox 461 1841 652 1905; x_wconf 83' lang='lat' dir='ltr'><strong>matrimonio</strong></span> <span class='ocrx_word' id='word_1_161' title='bbox 677 1842 709 1901; x_wconf 83' lang='lat' dir='ltr'><strong>C.</strong></span> <span class='ocrx_word' id='word_1_162' title='bbox 724 1840 778 1901; x_wconf 91' lang='lat' dir='ltr'><strong>Sili</strong></span> <span class='ocrx_word' id='word_1_163' title='bbox 801 1859 817 1900; x_wconf 93' lang='lat' dir='ltr'><strong>a</strong></span> <span class='ocrx_word' id='word_1_164' title='bbox 840 1838 1000 1900; x_wconf 87' lang='lat' dir='ltr'><strong>Messalina</strong></span> <span class='ocrx_word' id='word_1_165' title='bbox 1023 1838 1179 1915; x_wconf 88' lang='lat' dir='ltr'><strong>depulsam</strong></span> 
     </span>
     <span class='ocr_line' id='line_1_20' title="bbox 109 1920 1179 2006; baseline -0.009 -18"><span class='ocrx_word' id='word_1_166' title='bbox 109 1947 199 2006; x_wconf 89' lang='lat' dir='ltr'><strong>supra</strong></span> <span class='ocrx_word' id='word_1_167' title='bbox 233 1930 349 2002; x_wconf 90' lang='lat' dir='ltr'><strong>rettuli,</strong></span> <span class='ocrx_word' id='word_1_168' title='bbox 385 1928 512 2005; x_wconf 86' lang='lat' dir='ltr'><strong>insignis</strong></span> <span class='ocrx_word' id='word_1_169' title='bbox 541 1944 650 2002; x_wconf 86' lang='lat' dir='ltr'><strong>genere</strong></span> <span class='ocrx_word' id='word_1_170' title='bbox 679 1926 773 1985; x_wconf 84' lang='lat' dir='ltr'><strong>lorma</strong></span> <span class='ocrx_word' id='word_1_171' title='bbox 798 1923 920 1983; x_wconf 79' lang='lat' dir='ltr'><strong>lascivia</strong></span> <span class='ocrx_word' id='word_1_172' title='bbox 943 1930 973 1982; x_wconf 91' lang='lat' dir='ltr'><strong>et</strong></span> <span class='ocrx_word' id='word_1_173' title='bbox 993 1920 1179 1999; x_wconf 82' lang='lat' dir='ltr'><strong>Agrippi-nae</strong></span> 
     </span>
     <span class='ocr_line' id='line_1_21' title="bbox 67 2005 1179 2092; baseline -0.011 -18"><span class='ocrx_word' id='word_1_174' title='bbox 67 2013 162 2074; x_wconf 81' lang='lat' dir='ltr'><strong>20diu</strong></span> <span class='ocrx_word' id='word_1_175' title='bbox 185 2031 318 2092; x_wconf 91' lang='lat' dir='ltr'><strong>percara,</strong></span> <span class='ocrx_word' id='word_1_176' title='bbox 342 2033 410 2074; x_wconf 85' lang='lat' dir='ltr'><strong>mox</strong></span> <span class='ocrx_word' id='word_1_177' title='bbox 433 2010 560 2072; x_wconf 87' lang='lat' dir='ltr'><strong>occultis</strong></span> <span class='ocrx_word' id='word_1_178' title='bbox 583 2011 733 2071; x_wconf 89' lang='lat' dir='ltr'><strong>intereas</strong></span> <span class='ocrx_word' id='word_1_179' title='bbox 758 2006 988 2076; x_wconf 81' lang='lat' dir='ltr'><strong>offensionibus,</strong></span> <span class='ocrx_word' id='word_1_180' title='bbox 1013 2005 1082 2082; x_wconf 90' lang='lat' dir='ltr'><strong>quia</strong></span> <span class='ocrx_word' id='word_1_181' title='bbox 1107 2005 1179 2064; x_wconf 89' lang='lat' dir='ltr'><strong>Sex-</strong></span> 
     </span>
     <span class='ocr_line' id='line_1_22' title="bbox 108 2088 1227 2177; baseline -0.011 -18"><span class='ocrx_word' id='word_1_182' title='bbox 108 2099 181 2159; x_wconf 90' lang='lat' dir='ltr'><strong>tium</strong></span> <span class='ocrx_word' id='word_1_183' title='bbox 204 2099 391 2168; x_wconf 76' lang='lat' dir='ltr'><strong>Africanum,</strong></span> <span class='ocrx_word' id='word_1_184' title='bbox 414 2095 545 2177; x_wconf 91' lang='lat' dir='ltr'><strong>nobilem</strong></span> <span class='ocrx_word' id='word_1_185' title='bbox 571 2095 725 2167; x_wconf 90' lang='lat' dir='ltr'><strong>iuvenem,</strong></span> <span class='ocrx_word' id='word_1_186' title='bbox 760 2091 914 2170; x_wconf 89' lang='lat' dir='ltr'><strong>anuptiis</strong></span> <span class='ocrx_word' id='word_1_187' title='bbox 937 2088 1058 2151; x_wconf 89' lang='lat' dir='ltr'><strong>Silanae</strong></span> <span class='ocrx_word' id='word_1_188' title='bbox 1081 2088 1181 2149; x_wconf 88' lang='lat' dir='ltr'><strong>deter-</strong></span> <span class='ocrx_word' id='word_1_189' title='bbox 1221 2149 1227 2159; x_wconf 77' lang='grc'><strong><em>,</em></strong></span> 
     </span>
     <span class='ocr_line' id='line_1_23' title="bbox 109 2172 1239 2260; baseline -0.008 -20"><span class='ocrx_word' id='word_1_190' title='bbox 109 2190 211 2242; x_wconf 89' lang='lat' dir='ltr'><strong>ruerat</strong></span> <span class='ocrx_word' id='word_1_191' title='bbox 232 2181 410 2260; x_wconf 84' lang='lat' dir='ltr'><strong>Agrippina,</strong></span> <span class='ocrx_word' id='word_1_192' title='bbox 445 2180 617 2258; x_wconf 90' lang='lat' dir='ltr'><strong>inpudicam</strong></span> <span class='ocrx_word' id='word_1_193' title='bbox 652 2188 681 2241; x_wconf 93' lang='lat' dir='ltr'><strong>et</strong></span> <span class='ocrx_word' id='word_1_194' title='bbox 711 2186 886 2255; x_wconf 85' lang='lat' dir='ltr'><strong>vergentem</strong></span> <span class='ocrx_word' id='word_1_195' title='bbox 914 2174 1000 2235; x_wconf 88' lang='lat' dir='ltr'><strong>annis</strong></span> <span class='ocrx_word' id='word_1_196' title='bbox 1030 2172 1179 2243; x_wconf 92' lang='lat' dir='ltr'><strong>dictitans,</strong></span> <span class='ocrx_word' id='word_1_197' title='bbox 1234 2244 1239 2254; x_wconf 71' lang='lat'><strong>,</strong></span> 
     </span>
     <span class='ocr_line' id='line_1_24' title="bbox 109 2256 1180 2344; baseline -0.009 -18"><span class='ocrx_word' id='word_1_198' title='bbox 109 2285 169 2326; x_wconf 93' lang='lat' dir='ltr'><strong>non</strong></span> <span class='ocrx_word' id='word_1_199' title='bbox 194 2275 225 2325; x_wconf 90' lang='lat' dir='ltr'><strong>ut</strong></span> <span class='ocrx_word' id='word_1_200' title='bbox 246 2266 418 2326; x_wconf 80' lang='lat' dir='ltr'><strong>Africanum</strong></span> <span class='ocrx_word' id='word_1_201' title='bbox 440 2264 499 2325; x_wconf 86' lang='lat' dir='ltr'><strong>sibi</strong></span> <span class='ocrx_word' id='word_1_202' title='bbox 521 2273 697 2344; x_wconf 89' lang='lat' dir='ltr'><strong>seponeret,</strong></span> <span class='ocrx_word' id='word_1_203' title='bbox 728 2263 781 2338; x_wconf 86' lang='lat' dir='ltr'><strong>sed</strong></span> <span class='ocrx_word' id='word_1_204' title='bbox 805 2281 843 2323; x_wconf 89' lang='lat' dir='ltr'><strong>ne</strong></span> <span class='ocrx_word' id='word_1_205' title='bbox 867 2259 976 2340; x_wconf 91' lang='lat' dir='ltr'><strong>opibus</strong></span> <span class='ocrx_word' id='word_1_206' title='bbox 1000 2265 1030 2320; x_wconf 89' lang='lat' dir='ltr'><strong>et</strong></span> <span class='ocrx_word' id='word_1_207' title='bbox 1052 2256 1180 2319; x_wconf 89' lang='lat' dir='ltr'><strong>orbitate</strong></span> 
     </span>
    </p>
   </div>
   <div class='ocr_carea' id='block_1_3' title="bbox 80 2389 1270 3938">
    <p class='ocr_par' dir='ltr' id='par_1_3' title="bbox 106 2389 1186 2522">
     <span class='ocr_line' id='line_1_25' title="bbox 107 2389 1186 2464; baseline -0.009 -15"><span class='ocrx_word' id='word_1_208' title='bbox 107 2400 156 2449; x_wconf 91' lang='lat' dir='ltr'><strong>und</strong></span> <span class='ocrx_word' id='word_1_209' title='bbox 173 2399 315 2450; x_wconf 74' lang='lat' dir='ltr'><strong>les‘onders</strong></span> <span class='ocrx_word' id='word_1_210' title='bbox 331 2398 378 2447; x_wconf 90' lang='lat' dir='ltr'><strong>den</strong></span> <span class='ocrx_word' id='word_1_211' title='bbox 390 2396 556 2463; x_wconf 83' lang='lat' dir='ltr'><strong>Philosophcn</strong></span> <span class='ocrx_word' id='word_1_212' title='bbox 575 2397 619 2447; x_wconf 90' lang='lat' dir='ltr'><strong>Se·</strong></span> <span class='ocrx_word' id='word_1_213' title='bbox 670 2397 793 2464; x_wconf 86' lang='lat' dir='ltr'><strong>pinadns</strong></span> <span class='ocrx_word' id='word_1_214' title='bbox 812 2395 880 2445; x_wconf 89' lang='lat' dir='ltr'><strong>llaus</strong></span> <span class='ocrx_word' id='word_1_215' title='bbox 900 2394 968 2444; x_wconf 84' lang='lat' dir='ltr'><strong>ihrer</strong></span> <span class='ocrx_word' id='word_1_216' title='bbox 986 2392 1075 2455; x_wconf 81' lang='lat' dir='ltr'><strong>cigneo</strong></span> <span class='ocrx_word' id='word_1_217' title='bbox 1094 2389 1186 2441; x_wconf 84' lang='lat' dir='ltr'><strong>Gross·</strong></span> 
     </span>
     <span class='ocr_line' id='line_1_26' title="bbox 106 2457 1185 2522; baseline -0.015 0"><span class='ocrx_word' id='word_1_218' title='bbox 106 2482 177 2516; x_wconf 74' lang='lat' dir='ltr'><strong>noea·</strong></span> <span class='ocrx_word' id='word_1_219' title='bbox 671 2471 778 2522; x_wconf 89' lang='lat' dir='ltr'><strong>mutter,</strong></span> <span class='ocrx_word' id='word_1_220' title='bbox 807 2461 925 2513; x_wconf 86' lang='lat' dir='ltr'><strong>riberdies</strong></span> <span class='ocrx_word' id='word_1_221' title='bbox 953 2461 998 2510; x_wconf 93' lang='lat' dir='ltr'><strong>der</strong></span> <span class='ocrx_word' id='word_1_222' title='bbox 1021 2459 1116 2509; x_wconf 86' lang='lat' dir='ltr'><strong>Muttcr</strong></span> <span class='ocrx_word' id='word_1_223' title='bbox 1140 2457 1185 2506; x_wconf 84' lang='lat' dir='ltr'><strong>des</strong></span> 
     </span>
    </p>

    <p class='ocr_par' dir='ltr' id='par_1_4' title="bbox 107 2524 1270 2722">
     <span class='ocr_line' id='line_1_27' title="bbox 143 2524 1186 2593; baseline -0.009 -12"><span class='ocrx_word' id='word_1_224' title='bbox 143 2537 166 2582; x_wconf 88' lang='grc'><strong>1.</strong></span> <span class='ocrx_word' id='word_1_225' title='bbox 187 2531 387 2593; x_wconf 68' lang='lat' dir='ltr'><strong>ualidissimum,</strong></span> <span class='ocrx_word' id='word_1_226' title='bbox 406 2529 616 2586; x_wconf 84' lang='lat' dir='ltr'><strong>niclrtmateriell,</strong></span> <span class='ocrx_word' id='word_1_227' title='bbox 672 2531 777 2581; x_wconf 83' lang='lat' dir='ltr'><strong>Kaisers</strong></span> <span class='ocrx_word' id='word_1_228' title='bbox 796 2529 929 2585; x_wconf 86' lang='lat' dir='ltr'><strong>Claudius,</strong></span> <span class='ocrx_word' id='word_1_229' title='bbox 951 2528 1123 2578; x_wconf 81' lang='lat' dir='ltr'><strong>Grossruuttcr</strong></span> <span class='ocrx_word' id='word_1_230' title='bbox 1141 2524 1186 2572; x_wconf 80' lang='lat' dir='ltr'><strong>des</strong></span> 
     </span>
     <span class='ocr_line' id='line_1_28' title="bbox 108 2590 1270 2657; baseline -0.008 -10"><span class='ocrx_word' id='word_1_231' title='bbox 108 2597 320 2657; x_wconf 82' lang='lat' dir='ltr'><strong>sonderngeistig</strong></span> <span class='ocrx_word' id='word_1_232' title='bbox 338 2593 547 2646; x_wconf 81' lang='lat' dir='ltr'><strong>undmoralisch:</strong></span> <span class='ocrx_word' id='word_1_233' title='bbox 572 2596 620 2645; x_wconf 82' lang='lat' dir='ltr'><strong>‘dic</strong></span> <span class='ocrx_word' id='word_1_234' title='bbox 673 2598 778 2648; x_wconf 79' lang='lat' dir='ltr'><strong>Kaisere</strong></span> <span class='ocrx_word' id='word_1_235' title='bbox 797 2595 912 2656; x_wconf 84' lang='lat' dir='ltr'><strong>Caligula</strong></span> <span class='ocrx_word' id='word_1_236' title='bbox 940 2594 989 2642; x_wconf 91' lang='lat' dir='ltr'><strong>und</strong></span> <span class='ocrx_word' id='word_1_237' title='bbox 1012 2608 1061 2640; x_wconf 86' lang='lat' dir='ltr'><strong>von</strong></span> <span class='ocrx_word' id='word_1_238' title='bbox 1091 2590 1186 2639; x_wconf 79' lang='lat' dir='ltr'><strong>diesem</strong></span> <span class='ocrx_word' id='word_1_239' title='bbox 1267 2642 1270 2648; x_wconf 60' lang='grc'><em>,</em></span> 
     </span>
     <span class='ocr_line' id='line_1_29' title="bbox 107 2657 1187 2722; baseline -0.011 -6"><span class='ocrx_word' id='word_1_240' title='bbox 107 2663 321 2716; x_wconf 83' lang='lat' dir='ltr'><strong>bedentendsten&#39;.</strong></span> <span class='ocrx_word' id='word_1_241' title='bbox 571 2676 580 2692; x_wconf 74' lang='lat'><strong><em>‘</em></strong></span> <span class='ocrx_word' id='word_1_242' title='bbox 673 2664 719 2712; x_wconf 86' lang='lat' dir='ltr'><strong>mit</strong></span> <span class='ocrx_word' id='word_1_243' title='bbox 736 2663 791 2710; x_wconf 91' lang='lat' dir='ltr'><strong>dem</strong></span> <span class='ocrx_word' id='word_1_244' title='bbox 804 2659 1004 2722; x_wconf 76' lang='lat' dir='ltr'><strong>Titelegauto</strong></span> <span class='ocrx_word' id='word_1_245' title='bbox 1023 2657 1125 2717; x_wconf 81' lang='lat' dir='ltr'><strong>geehrt,</strong></span> <span class='ocrx_word' id='word_1_246' title='bbox 1147 2670 1187 2705; x_wconf 89' lang='lat' dir='ltr'><strong>er·</strong></span> 
     </span>
    </p>

    <p class='ocr_par' dir='ltr' id='par_1_5' title="bbox 106 2723 1233 3200">
     <span class='ocr_line' id='line_1_30' title="bbox 144 2723 1039 2793; baseline -0.012 -10"><span class='ocrx_word' id='word_1_247' title='bbox 144 2735 167 2783; x_wconf 83' lang='lat'><strong>6.</strong></span> <span class='ocrx_word' id='word_1_248' title='bbox 202 2730 345 2792; x_wconf 80' lang='lat' dir='ltr'><strong>nobilium,</strong></span> <span class='ocrx_word' id='word_1_249' title='bbox 380 2731 427 2793; x_wconf 83' lang='lat' dir='ltr'><strong>qui</strong></span> <span class='ocrx_word' id='word_1_250' title='bbox 453 2730 532 2777; x_wconf 86' lang='lat' dir='ltr'><strong>etiam</strong></span> <span class='ocrx_word' id='word_1_251' title='bbox 566 2733 622 2776; x_wconf 81' lang='lat' dir='ltr'><strong>tum</strong></span> <span class='ocrx_word' id='word_1_252' title='bbox 674 2727 745 2777; x_wconf 85' lang='lat' dir='ltr'><strong>hielt.</strong></span> <span class='ocrx_word' id='word_1_253' title='bbox 783 2727 852 2775; x_wconf 75' lang='lat' dir='ltr'><strong>Suet.</strong></span> <span class='ocrx_word' id='word_1_254' title='bbox 872 2723 926 2774; x_wconf 87' lang='lat' dir='ltr'><strong>Cal.</strong></span> <span class='ocrx_word' id='word_1_255' title='bbox 947 2727 986 2774; x_wconf 83' lang='lat'><strong>15.</strong></span> <span class='ocrx_word' id='word_1_256' title='bbox 1007 2725 1039 2773; x_wconf 78' lang='lat'><strong>23</strong></span> 
     </span>
     <span class='ocr_line' id='line_1_31' title="bbox 106 2789 1188 2864; baseline -0.012 -15"><span class='ocrx_word' id='word_1_257' title='bbox 106 2803 274 2864; x_wconf 74' lang='lat' dir='ltr'><strong>supererant.</strong></span> <span class='ocrx_word' id='word_1_258' title='bbox 311 2797 345 2846; x_wconf 86' lang='lat' dir='ltr'><strong>Es</strong></span> <span class='ocrx_word' id='word_1_259' title='bbox 369 2796 418 2858; x_wconf 82' lang='lat' dir='ltr'><strong>gob</strong></span> <span class='ocrx_word' id='word_1_260' title='bbox 443 2794 538 2845; x_wconf 84' lang='lat' dir='ltr'><strong>damals</strong></span> <span class='ocrx_word' id='word_1_261' title='bbox 560 2795 622 2843; x_wconf 83' lang='lat' dir='ltr'><strong>noch</strong></span> <span class='ocrx_word' id='word_1_262' title='bbox 690 2789 758 2849; x_wconf 58' lang='lat'><strong>49.</strong></span> <span class='ocrx_word' id='word_1_263' title='bbox 781 2796 820 2843; x_wconf 75' lang='lat'><strong>15.</strong></span> <span class='ocrx_word' id='word_1_264' title='bbox 840 2791 915 2853; x_wconf 78' lang='lat' dir='ltr'><strong>famo</strong></span> <span class='ocrx_word' id='word_1_265' title='bbox 929 2795 985 2854; x_wconf 81' lang='lat' dir='ltr'><strong>pot.</strong></span> <span class='ocrx_word' id='word_1_266' title='bbox 1010 2803 1066 2838; x_wconf 85' lang='lat' dir='ltr'><strong>non</strong></span> <span class='ocrx_word' id='word_1_267' title='bbox 1087 2802 1138 2837; x_wconf 76' lang='lat' dir='ltr'><strong>auo</strong></span> <span class='ocrx_word' id='word_1_268' title='bbox 1159 2789 1188 2836; x_wconf 81' lang='lat' dir='ltr'><strong>oi</strong></span> 
     </span>
     <span class='ocr_line' id='line_1_32' title="bbox 110 2855 1189 2929; baseline -0.014 -12"><span class='ocrx_word' id='word_1_269' title='bbox 110 2868 207 2929; x_wconf 80' lang='lat' dir='ltr'><strong>Adlige,</strong></span> <span class='ocrx_word' id='word_1_270' title='bbox 230 2864 253 2914; x_wconf 91' lang='lat' dir='ltr'><strong>d.</strong></span> <span class='ocrx_word' id='word_1_271' title='bbox 275 2866 298 2914; x_wconf 88' lang='lat' dir='ltr'><strong>h.</strong></span> <span class='ocrx_word' id='word_1_272' title='bbox 319 2863 413 2923; x_wconf 86' lang='lat' dir='ltr'><strong>Lente,</strong></span> <span class='ocrx_word' id='word_1_273' title='bbox 441 2863 518 2913; x_wconf 87' lang='lat' dir='ltr'><strong>deren</strong></span> <span class='ocrx_word' id='word_1_274' title='bbox 536 2863 623 2911; x_wconf 86' lang='lat' dir='ltr'><strong>Ahneu</strong></span> <span class='ocrx_word' id='word_1_275' title='bbox 675 2865 766 2923; x_wconf 67' lang='lat' dir='ltr'><strong>uiroc,</strong></span> <span class='ocrx_word' id='word_1_276' title='bbox 787 2859 842 2909; x_wconf 79' lang='lat' dir='ltr'><strong>‘der</strong></span> <span class='ocrx_word' id='word_1_277' title='bbox 859 2858 913 2907; x_wconf 82' lang='lat' dir='ltr'><strong>ttut</strong></span> <span class='ocrx_word' id='word_1_278' title='bbox 928 2855 1075 2912; x_wconf 86' lang='lat' dir='ltr'><strong>derlllacht,</strong></span> <span class='ocrx_word' id='word_1_279' title='bbox 1095 2868 1189 2903; x_wconf 81' lang='lat' dir='ltr'><strong>wonn</strong></span> 
     </span>
     <span class='ocr_line' id='line_1_33' title="bbox 110 2921 1189 2997; baseline -0.016 -11"><span class='ocrx_word' id='word_1_280' title='bbox 110 2936 188 2986; x_wconf 83' lang='lat' dir='ltr'><strong>echon·</strong></span> <span class='ocrx_word' id='word_1_281' title='bbox 215 2933 335 2983; x_wconf 75' lang='lat' dir='ltr'><strong>wihrend</strong></span> <span class='ocrx_word' id='word_1_282' title='bbox 362 2933 408 2982; x_wconf 90' lang='lat' dir='ltr'><strong>der</strong></span> <span class='ocrx_word' id='word_1_283' title='bbox 430 2930 555 2997; x_wconf 86' lang='lat' dir='ltr'><strong>Republik</strong></span> <span class='ocrx_word' id='word_1_284' title='bbox 583 2929 623 2979; x_wconf 91' lang='lat' dir='ltr'><strong>die</strong></span> <span class='ocrx_word' id='word_1_285' title='bbox 676 2927 787 2980; x_wconf 86' lang='lat' dir='ltr'><strong>dieselbe</strong></span> <span class='ocrx_word' id='word_1_286' title='bbox 818 2925 887 2975; x_wconf 88' lang='lat' dir='ltr'><strong>nicht</strong></span> <span class='ocrx_word' id='word_1_287' title='bbox 915 2923 963 2974; x_wconf 85' lang='lat' dir='ltr'><strong>aul</strong></span> <span class='ocrx_word' id='word_1_288' title='bbox 994 2922 1064 2972; x_wconf 80' lang='lat' dir='ltr'><strong>ihrer</strong></span> <span class='ocrx_word' id='word_1_289' title='bbox 1098 2921 1189 2984; x_wconf 81' lang='lat' dir='ltr'><strong>oignon</strong></span> 
     </span>
     <span class='ocr_line' id='line_1_34' title="bbox 109 2989 1233 3056; baseline -0.016 -2"><span class='ocrx_word' id='word_1_290' title='bbox 109 3004 227 3054; x_wconf 82' lang='lat' dir='ltr'><strong>hdchsten</strong></span> <span class='ocrx_word' id='word_1_291' title='bbox 247 3000 495 3052; x_wconf 81' lang='lat' dir='ltr'><strong>Aernterlrellcidct</strong></span> <span class='ocrx_word' id='word_1_292' title='bbox 520 3000 620 3056; x_wconf 71' lang='lat' dir='ltr'><strong>holtem</strong></span> <span class='ocrx_word' id='word_1_293' title='bbox 676 2997 768 3049; x_wconf 77' lang='lat' dir='ltr'><strong>Stdrle</strong></span> <span class='ocrx_word' id='word_1_294' title='bbox 785 2993 896 3052; x_wconf 84' lang='lat' dir='ltr'><strong>heruht&#39;,</strong></span> <span class='ocrx_word' id='word_1_295' title='bbox 930 2990 1038 3041; x_wconf 87' lang='lat' dir='ltr'><strong>sondcrn</strong></span> <span class='ocrx_word' id='word_1_296' title='bbox 1064 3005 1113 3039; x_wconf 85' lang='lat' dir='ltr'><strong>von</strong></span> <span class='ocrx_word' id='word_1_297' title='bbox 1142 2989 1198 3038; x_wconf 83' lang='lat' dir='ltr'><strong>der¹</strong></span> <span class='ocrx_word' id='word_1_298' title='bbox 1229 3008 1233 3020; x_wconf 91' lang='lat'>·</span> 
     </span>
     <span class='ocr_line' id='line_1_35' title="bbox 108 3054 1190 3133; baseline -0.014 -12"><span class='ocrx_word' id='word_1_299' title='bbox 108 3073 170 3122; x_wconf 78' lang='lat' dir='ltr'><strong>sehr</strong></span> <span class='ocrx_word' id='word_1_300' title='bbox 186 3070 286 3133; x_wconf 89' lang='lat' dir='ltr'><strong>wenige</strong></span> <span class='ocrx_word' id='word_1_301' title='bbox 304 3071 379 3120; x_wconf 80' lang='lat' dir='ltr'><strong>echon</strong></span> <span class='ocrx_word' id='word_1_302' title='bbox 391 3066 620 3132; x_wconf 85' lang='lat' dir='ltr'><strong>unterVespasian‚</strong></span> <span class='ocrx_word' id='word_1_303' title='bbox 677 3067 758 3117; x_wconf 87' lang='lat' dir='ltr'><strong>Gunst</strong></span> <span class='ocrx_word' id='word_1_304' title='bbox 775 3056 897 3118; x_wconf 72' lang='lat' dir='ltr'><strong>anderen,</strong></span> <span class='ocrx_word' id='word_1_305' title='bbox 919 3058 975 3110; x_wconf 75' lang='lat' dir='ltr'><strong>‘wie</strong></span> <span class='ocrx_word' id='word_1_306' title='bbox 993 3058 1048 3108; x_wconf 81' lang='lat' dir='ltr'><strong>hier</strong></span> <span class='ocrx_word' id='word_1_307' title='bbox 1066 3054 1190 3108; x_wconf 66' lang='grc'><strong>41441141-</strong></span> 
     </span>
     <span class='ocr_line' id='line_1_36' title="bbox 112 3128 935 3200; baseline -0.013 -12"><span class='ocrx_word' id='word_1_308' title='bbox 112 3141 162 3189; x_wconf 84' lang='lat' dir='ltr'><strong>last</strong></span> <span class='ocrx_word' id='word_1_309' title='bbox 180 3138 316 3200; x_wconf 84' lang='lat' dir='ltr'><strong>garleine</strong></span> <span class='ocrx_word' id='word_1_310' title='bbox 341 3139 403 3188; x_wconf 91' lang='lat' dir='ltr'><strong>nach</strong></span> <span class='ocrx_word' id='word_1_311' title='bbox 422 3134 555 3192; x_wconf 85' lang='lat' dir='ltr'><strong>Domitian.</strong></span> <span class='ocrx_word' id='word_1_312' title='bbox 595 3133 621 3184; x_wconf 88' lang='lat' dir='ltr'><strong>S.</strong></span> <span class='ocrx_word' id='word_1_313' title='bbox 676 3149 731 3186; x_wconf 86' lang='lat' dir='ltr'><strong>sers</strong></span> <span class='ocrx_word' id='word_1_314' title='bbox 750 3129 876 3192; x_wconf 79' lang='lat' dir='ltr'><strong>abhdngig</strong></span> <span class='ocrx_word' id='word_1_315' title='bbox 893 3128 935 3178; x_wconf 86' lang='lat' dir='ltr'><strong>ist.</strong></span> 
     </span>
    </p>

    <p class='ocr_par' dir='ltr' id='par_1_6' title="bbox 111 3192 1074 3260">
     <span class='ocr_line' id='line_1_37' title="bbox 111 3192 1074 3260; baseline -0.013 -4"><span class='ocrx_word' id='word_1_316' title='bbox 111 3207 153 3256; x_wconf 95' lang='grc'><strong>111.</strong></span> <span class='ocrx_word' id='word_1_317' title='bbox 175 3209 216 3257; x_wconf 81' lang='grc'><strong>55.</strong></span> <span class='ocrx_word' id='word_1_318' title='bbox 713 3204 751 3252; x_wconf 87' lang='lat' dir='ltr'><strong>t&#39;l.</strong></span> <span class='ocrx_word' id='word_1_319' title='bbox 773 3202 897 3260; x_wconf 79' lang='lat' dir='ltr'><strong>incertae,</strong></span> <span class='ocrx_word' id='word_1_320' title='bbox 915 3194 965 3245; x_wconf 87' lang='lat' dir='ltr'><strong>wie</strong></span> <span class='ocrx_word' id='word_1_321' title='bbox 983 3192 1029 3244; x_wconf 91' lang='lat' dir='ltr'><strong>XI.</strong></span> <span class='ocrx_word' id='word_1_322' title='bbox 1050 3196 1074 3246; x_wconf 88' lang='grc'><strong>9.</strong></span> 
     </span>
    </p>

    <p class='ocr_par' dir='ltr' id='par_1_7' title="bbox 149 3259 1101 3339">
     <span class='ocr_line' id='line_1_38' title="bbox 149 3259 1101 3339; baseline -0.015 -15"><span class='ocrx_word' id='word_1_323' title='bbox 149 3275 187 3324; x_wconf 78' lang='lat' dir='ltr'><strong>tt.</strong></span> <span class='ocrx_word' id='word_1_324' title='bbox 205 3277 335 3339; x_wconf 82' lang='lat' dir='ltr'><strong>proaviae</strong></span> <span class='ocrx_word' id='word_1_325' title='bbox 351 3272 414 3322; x_wconf 89' lang='lat' dir='ltr'><strong>lehlt</strong></span> <span class='ocrx_word' id='word_1_326' title='bbox 437 3273 461 3321; x_wconf 91' lang='lat' dir='ltr'><strong>in</strong></span> <span class='ocrx_word' id='word_1_327' title='bbox 488 3271 534 3321; x_wconf 91' lang='lat' dir='ltr'><strong>der</strong></span> <span class='ocrx_word' id='word_1_328' title='bbox 560 3270 621 3319; x_wconf 88' lang='lat' dir='ltr'><strong>llds.</strong></span> <span class='ocrx_word' id='word_1_329' title='bbox 712 3271 752 3321; x_wconf 82' lang='lat'><strong>19.</strong></span> <span class='ocrx_word' id='word_1_330' title='bbox 771 3282 803 3317; x_wconf 81' lang='lat' dir='ltr'><strong>au</strong></span> <span class='ocrx_word' id='word_1_331' title='bbox 824 3281 856 3315; x_wconf 84' lang='lat' dir='ltr'><strong>ru</strong></span> <span class='ocrx_word' id='word_1_332' title='bbox 873 3263 975 3314; x_wconf 79' lang='lat' dir='ltr'><strong>rettuli.</strong></span> <span class='ocrx_word' id='word_1_333' title='bbox 995 3259 1040 3311; x_wconf 89' lang='grc' dir='ltr'><strong>ΧΙ.</strong></span> <span class='ocrx_word' id='word_1_334' title='bbox 1061 3261 1101 3311; x_wconf 81' lang='lat'><strong>12.</strong></span> 
     </span>
    </p>

    <p class='ocr_par' dir='ltr' id='par_1_8' title="bbox 80 3328 1194 3938">
     <span class='ocr_line' id='line_1_39' title="bbox 80 3328 1191 3400; baseline -0.012 -10"><span class='ocrx_word' id='word_1_335' title='bbox 80 3396 81 3400; x_wconf 11' lang='grc' dir='ltr'><strong>Ἰ</strong></span> <span class='ocrx_word' id='word_1_336' title='bbox 112 3339 248 3390; x_wconf 78' lang='lat' dir='ltr'><strong>Aber&#39;l&#39;ac.</strong></span> <span class='ocrx_word' id='word_1_337' title='bbox 269 3341 361 3388; x_wconf 85' lang='lat' dir='ltr'><strong>lonnte</strong></span> <span class='ocrx_word' id='word_1_338' title='bbox 381 3354 407 3388; x_wconf 89' lang='lat' dir='ltr'><strong>es</strong></span> <span class='ocrx_word' id='word_1_339' title='bbox 426 3340 494 3388; x_wconf 83' lang='lat' dir='ltr'><strong>nicht</strong></span> <span class='ocrx_word' id='word_1_340' title='bbox 511 3337 625 3388; x_wconf 82' lang='lat' dir='ltr'><strong>zweilel-</strong></span> <span class='ocrx_word' id='word_1_341' title='bbox 711 3339 752 3388; x_wconf 81' lang='lat'><strong>20.</strong></span> <span class='ocrx_word' id='word_1_342' title='bbox 805 3331 940 3383; x_wconf 76' lang='lat' dir='ltr'><strong>.Seaetins</strong></span> <span class='ocrx_word' id='word_1_343' title='bbox 959 3328 1107 3390; x_wconf 75' lang='lat' dir='ltr'><strong>Africanus</strong></span> <span class='ocrx_word' id='word_1_344' title='bbox 1133 3338 1191 3377; x_wconf 74' lang='lat' dir='ltr'><strong>war</strong></span> 
     </span>
     <span class='ocr_line' id='line_1_40' title="bbox 112 3392 1190 3464; baseline -0.013 -8"><span class='ocrx_word' id='word_1_345' title='bbox 112 3408 168 3456; x_wconf 75' lang='grc'><strong>11411</strong></span> <span class='ocrx_word' id='word_1_346' title='bbox 184 3406 276 3464; x_wconf 86' lang='lat' dir='ltr'><strong>lassen,</strong></span> <span class='ocrx_word' id='word_1_347' title='bbox 298 3407 329 3455; x_wconf 90' lang='lat' dir='ltr'><strong>ob</strong></span> <span class='ocrx_word' id='word_1_348' title='bbox 348 3404 490 3455; x_wconf 86' lang='lat' dir='ltr'><strong>dieMutter</strong></span> <span class='ocrx_word' id='word_1_349' title='bbox 508 3405 553 3454; x_wconf 84' lang='lat' dir='ltr'><strong>des</strong></span> <span class='ocrx_word' id='word_1_350' title='bbox 563 3404 626 3455; x_wconf 82' lang='lat' dir='ltr'><strong>Ger·</strong></span> <span class='ocrx_word' id='word_1_351' title='bbox 676 3402 771 3455; x_wconf 66' lang='grc'><strong>1444414</strong></span> <span class='ocrx_word' id='word_1_352' title='bbox 787 3396 940 3450; x_wconf 77' lang='lat' dir='ltr'><strong>und‘Consul</strong></span> <span class='ocrx_word' id='word_1_353' title='bbox 948 3396 1065 3448; x_wconf 83' lang='lat' dir='ltr'><strong>sudectus</strong></span> <span class='ocrx_word' id='word_1_354' title='bbox 1073 3394 1098 3441; x_wconf 89' lang='grc'><strong>14</strong></span> <span class='ocrx_word' id='word_1_355' title='bbox 1108 3392 1190 3442; x_wconf 78' lang='lat' dir='ltr'><strong>einen</strong></span> 
     </span>
     <span class='ocr_line' id='line_1_41' title="bbox 113 3457 1190 3532; baseline -0.015 -9"><span class='ocrx_word' id='word_1_356' title='bbox 113 3473 226 3523; x_wconf 72' lang='lat' dir='ltr'><strong>turonicus</strong></span> <span class='ocrx_word' id='word_1_357' title='bbox 240 3473 287 3521; x_wconf 89' lang='lat' dir='ltr'><strong>und</strong></span> <span class='ocrx_word' id='word_1_358' title='bbox 296 3471 549 3532; x_wconf 77' lang='lat' dir='ltr'><strong>Urgrossmutterdeo</strong></span> <span class='ocrx_word' id='word_1_359' title='bbox 556 3469 625 3521; x_wconf 88' lang='lat' dir='ltr'><strong>Nero</strong></span> <span class='ocrx_word' id='word_1_360' title='bbox 677 3470 853 3520; x_wconf 85' lang='lat' dir='ltr'><strong>unbekannten</strong></span> <span class='ocrx_word' id='word_1_361' title='bbox 868 3466 931 3517; x_wconf 86' lang='lat' dir='ltr'><strong>Jahr</strong></span> <span class='ocrx_word' id='word_1_362' title='bbox 948 3471 1021 3512; x_wconf 86' lang='lat' dir='ltr'><strong>nnter</strong></span> <span class='ocrx_word' id='word_1_363' title='bbox 1037 3458 1116 3511; x_wconf 85' lang='lat' dir='ltr'><strong>Nero.</strong></span> <span class='ocrx_word' id='word_1_364' title='bbox 1136 3457 1190 3508; x_wconf 84' lang='lat' dir='ltr'><strong>Ma·</strong></span> 
     </span>
     <span class='ocr_line' id='line_1_42' title="bbox 114 3522 1187 3588; baseline -0.015 0"><span class='ocrx_word' id='word_1_365' title='bbox 114 3541 178 3588; x_wconf 90' lang='lat' dir='ltr'><strong>oder</strong></span> <span class='ocrx_word' id='word_1_366' title='bbox 196 3539 237 3587; x_wconf 87' lang='lat' dir='ltr'><strong>die</strong></span> <span class='ocrx_word' id='word_1_367' title='bbox 254 3538 351 3588; x_wconf 87' lang='lat' dir='ltr'><strong>Mutter</strong></span> <span class='ocrx_word' id='word_1_368' title='bbox 368 3537 453 3588; x_wconf 82' lang='lat' dir='ltr'><strong>seinos</strong></span> <span class='ocrx_word' id='word_1_369' title='bbox 466 3536 559 3588; x_wconf 85' lang='lat' dir='ltr'><strong>Vaters</strong></span> <span class='ocrx_word' id='word_1_370' title='bbox 578 3537 623 3587; x_wconf 87' lang='lat' dir='ltr'><strong>Cn.</strong></span> <span class='ocrx_word' id='word_1_371' title='bbox 651 3540 657 3547; x_wconf 87' lang='lat'><em>&#39;</em></span> <span class='ocrx_word' id='word_1_372' title='bbox 677 3537 727 3588; x_wconf 88' lang='lat' dir='ltr'><strong>riui</strong></span> <span class='ocrx_word' id='word_1_373' title='bbox 744 3545 796 3586; x_wconf 80' lang='lat' dir='ltr'><strong>tnv.</strong></span> <span class='ocrx_word' id='word_1_374' title='bbox 816 3529 983 3585; x_wconf 89' lang='lat' dir='ltr'><strong>XlV-XVll</strong></span> <span class='ocrx_word' id='word_1_375' title='bbox 1001 3528 1026 3578; x_wconf 77' lang='lat' dir='ltr'><strong>t.</strong></span> <span class='ocrx_word' id='word_1_376' title='bbox 1047 3524 1105 3587; x_wconf 77' lang='lat' dir='ltr'><strong>Vgl.</strong></span> <span class='ocrx_word' id='word_1_377' title='bbox 1125 3522 1187 3574; x_wconf 77' lang='lat' dir='ltr'><strong>Tac.</strong></span> 
     </span>
     <span class='ocr_line' id='line_1_43' title="bbox 114 3602 1151 3668; baseline -0.002 -12"><span class='ocrx_word' id='word_1_378' title='bbox 114 3606 238 3656; x_wconf 86' lang='lat' dir='ltr'><strong>Domitius</strong></span> <span class='ocrx_word' id='word_1_379' title='bbox 257 3605 365 3666; x_wconf 78' lang='lat' dir='ltr'><strong>gemeint</strong></span> <span class='ocrx_word' id='word_1_380' title='bbox 382 3604 427 3653; x_wconf 87' lang='lat' dir='ltr'><strong>sei.</strong></span> <span class='ocrx_word' id='word_1_381' title='bbox 466 3603 491 3654; x_wconf 89' lang='lat' dir='ltr'><strong>S.</strong></span> <span class='ocrx_word' id='word_1_382' title='bbox 510 3619 540 3653; x_wconf 87' lang='lat' dir='ltr'><strong>zu</strong></span> <span class='ocrx_word' id='word_1_383' title='bbox 552 3602 570 3652; x_wconf 92' lang='grc'><strong>1.</strong></span> <span class='ocrx_word' id='word_1_384' title='bbox 586 3606 627 3656; x_wconf 81' lang='grc'><strong>42.</strong></span> <span class='ocrx_word' id='word_1_385' title='bbox 678 3603 750 3656; x_wconf 88' lang='lat' dir='ltr'><strong>XlV.</strong></span> <span class='ocrx_word' id='word_1_386' title='bbox 770 3605 811 3654; x_wconf 80' lang='lat'><strong>46.</strong></span> <span class='ocrx_word' id='word_1_387' title='bbox 1145 3657 1151 3668; x_wconf 65' lang='lat'>‚</span> 
     </span>
     <span class='ocr_line' id='line_1_44' title="bbox 114 3658 1192 3726; baseline -0.015 -2"><span class='ocrx_word' id='word_1_388' title='bbox 114 3674 158 3725; x_wconf 87' lang='lat' dir='ltr'><strong>tv.</strong></span> <span class='ocrx_word' id='word_1_389' title='bbox 180 3674 222 3723; x_wconf 94' lang='grc'><strong>44.</strong></span> <span class='ocrx_word' id='word_1_390' title='bbox 243 3675 284 3723; x_wconf 79' lang='lat'><strong>75.</strong></span> <span class='ocrx_word' id='word_1_391' title='bbox 321 3670 357 3720; x_wconf 81' lang='lat' dir='ltr'><strong>Es</strong></span> <span class='ocrx_word' id='word_1_392' title='bbox 375 3671 409 3721; x_wconf 89' lang='lat' dir='ltr'><strong>ist</strong></span> <span class='ocrx_word' id='word_1_393' title='bbox 426 3671 479 3721; x_wconf 85' lang='lat' dir='ltr'><strong>also</strong></span> <span class='ocrx_word' id='word_1_394' title='bbox 498 3670 629 3720; x_wconf 84' lang='lat' dir='ltr'><strong>entweder</strong></span> <span class='ocrx_word' id='word_1_395' title='bbox 713 3674 753 3723; x_wconf 82' lang='lat'><strong>23.</strong></span> <span class='ocrx_word' id='word_1_396' title='bbox 769 3671 883 3721; x_wconf 58' lang='lat' dir='ltr'><strong>oromate</strong></span> <span class='ocrx_word' id='word_1_397' title='bbox 894 3665 1008 3716; x_wconf 69' lang='lat' dir='ltr'><strong>alicuius</strong></span> <span class='ocrx_word' id='word_1_398' title='bbox 1017 3658 1192 3726; x_wconf 76' lang='lat' dir='ltr'><strong>potirilrersst</strong></span> 
     </span>
     <span class='ocr_line' id='line_1_45' title="bbox 112 3723 1193 3808; baseline -0.015 -18"><span class='ocrx_word' id='word_1_399' title='bbox 112 3743 245 3808; x_wconf 83' lang='lat' dir='ltr'><strong>proaviae</strong></span> <span class='ocrx_word' id='word_1_400' title='bbox 272 3739 335 3789; x_wconf 87' lang='lat' dir='ltr'><strong>oder</strong></span> <span class='ocrx_word' id='word_1_401' title='bbox 359 3741 435 3788; x_wconf 81' lang='lat' dir='ltr'><strong>coice</strong></span> <span class='ocrx_word' id='word_1_402' title='bbox 461 3736 625 3800; x_wconf 83' lang='lat' dir='ltr'><strong>ausgelallen.</strong></span> <span class='ocrx_word' id='word_1_403' title='bbox 677 3737 829 3792; x_wconf 73' lang='lat' dir='ltr'><strong>demanded,</strong></span> <span class='ocrx_word' id='word_1_404' title='bbox 862 3733 908 3783; x_wconf 90' lang='lat' dir='ltr'><strong>der</strong></span> <span class='ocrx_word' id='word_1_405' title='bbox 929 3725 1057 3779; x_wconf 82' lang='lat' dir='ltr'><strong>kinderlos</strong></span> <span class='ocrx_word' id='word_1_406' title='bbox 1085 3724 1131 3782; x_wconf 87' lang='lat' dir='ltr'><strong>ist,</strong></span> <span class='ocrx_word' id='word_1_407' title='bbox 1165 3723 1193 3774; x_wconf 85' lang='lat' dir='ltr'><strong>in</strong></span> 
     </span>
     <span class='ocr_line' id='line_1_46' title="bbox 116 3790 1192 3870; baseline -0.018 -11"><span class='ocrx_word' id='word_1_408' title='bbox 116 3810 193 3859; x_wconf 86' lang='lat' dir='ltr'><strong>lenes</strong></span> <span class='ocrx_word' id='word_1_409' title='bbox 212 3807 292 3857; x_wconf 87' lang='lat' dir='ltr'><strong>haben</strong></span> <span class='ocrx_word' id='word_1_410' title='bbox 309 3806 359 3855; x_wconf 90' lang='lat' dir='ltr'><strong>wir</strong></span> <span class='ocrx_word' id='word_1_411' title='bbox 375 3820 546 3868; x_wconf 83' lang='lat' dir='ltr'><strong>vorgezogen,</strong></span> <span class='ocrx_word' id='word_1_412' title='bbox 569 3803 629 3855; x_wconf 89' lang='lat' dir='ltr'><strong>weil</strong></span> <span class='ocrx_word' id='word_1_413' title='bbox 679 3807 748 3856; x_wconf 79' lang='lat' dir='ltr'><strong>aeine</strong></span> <span class='ocrx_word' id='word_1_414' title='bbox 767 3790 839 3853; x_wconf 76' lang='lat' dir='ltr'><strong>Hand</strong></span> <span class='ocrx_word' id='word_1_415' title='bbox 856 3799 1010 3848; x_wconf 82' lang='lat' dir='ltr'><strong>belonnmen.</strong></span> <span class='ocrx_word' id='word_1_416' title='bbox 1044 3791 1104 3870; x_wconf 66' lang='lat' dir='ltr'><strong>llius</strong></span> <span class='ocrx_word' id='word_1_417' title='bbox 1121 3791 1192 3851; x_wconf 69' lang='lat' dir='ltr'><strong>hitto</strong></span> 
     </span>
     <span class='ocr_line' id='line_1_47' title="bbox 115 3857 1194 3938; baseline -0.024 -6"><span class='ocrx_word' id='word_1_418' title='bbox 115 3896 145 3932; x_wconf 86' lang='lat' dir='ltr'><strong>cs</strong></span> <span class='ocrx_word' id='word_1_419' title='bbox 163 3872 401 3929; x_wconf 85' lang='lat' dir='ltr'><strong>wahrscheinlicher</strong></span> <span class='ocrx_word' id='word_1_420' title='bbox 417 3874 451 3926; x_wconf 83' lang='lat' dir='ltr'><strong>ist</strong></span> <span class='ocrx_word' id='word_1_421' title='bbox 468 3874 527 3925; x_wconf 82' lang='lat' dir='ltr'><strong>does</strong></span> <span class='ocrx_word' id='word_1_422' title='bbox 539 3863 630 3938; x_wconf 74' lang='lat' dir='ltr'><strong>Agrip·</strong></span> <span class='ocrx_word' id='word_1_423' title='bbox 680 3872 720 3923; x_wconf 86' lang='lat' dir='ltr'><strong>die</strong></span> <span class='ocrx_word' id='word_1_424' title='bbox 738 3870 815 3932; x_wconf 76' lang='lat' dir='ltr'><strong>Folge</strong></span> <span class='ocrx_word' id='word_1_425' title='bbox 833 3865 938 3930; x_wconf 79' lang='lat' dir='ltr'><strong>gehaht,</strong></span> <span class='ocrx_word' id='word_1_426' title='bbox 961 3861 1020 3911; x_wconf 80' lang='grc'><strong>(1444</strong></span> <span class='ocrx_word' id='word_1_427' title='bbox 1038 3858 1124 3909; x_wconf 80' lang='lat' dir='ltr'><strong>Silana</strong></span> <span class='ocrx_word' id='word_1_428' title='bbox 1141 3857 1194 3908; x_wconf 78' lang='lat' dir='ltr'><strong>den</strong></span> 
     </span>
    </p>
   </div>
   <div class='ocr_carea' id='block_1_4' title="bbox 984 3943 1048 3996">
    <p class='ocr_par' dir='ltr' id='par_1_9' title="bbox 984 3943 1048 3996">
     <span class='ocr_line' id='line_1_48' title="bbox 984 3943 1048 3996; baseline 0.063 -17"><span class='ocrx_word' id='word_1_429' title='bbox 984 3943 1048 3996; x_wconf 53' lang='grc'><strong>61,</strong></span> 
     </span>
    </p>
   </div>
   <div class='ocr_carea' id='block_1_5' title="bbox 0 0 1297 4350">
    <p class='ocr_par' dir='ltr' id='par_1_10' title="bbox 0 0 1297 4350">
     <span class='ocr_line' id='line_1_49' title="bbox 0 0 1297 4350; baseline 0 0"><span class='ocrx_word' id='word_1_430' title='bbox 0 0 1297 4350; x_wconf 95' lang='lat' dir='ltr'><strong> </strong></span> 
     </span>
    </p>
   </div>
  </div>
 </body>
</html>
