2550 4350
157 309 217 373 102
253 354 258 358 .
347 377 350 382 .
551 314 708 387 conuecti
726 313 837 366 roem
1025 342 1028 355 .
1096 315 1225 378 (aaut

156 480 278 543 ventos3
307 470 366 530 iarn
390 469 522 548 eqrritum
545 470 746 529 Romanorum
769 467 886 544 agmina
909 466 1067 551 damnata,
1091 484 1228 529 omnem·
1262 492 1264 497 ·

85 624 90 628 ,
158 576 214 636 que
237 554 353 616 Claudii
377 554 529 614 saevitiam
553 554 659 614 Suillio
683 552 883 612 obiectabant.
934 550 987 610 llle
1017 550 1095 611 nihil
1122 571 1159 612 ex
1183 553 1226 614 his

156 647 264 718 sponte
287 650 474 715 susceptum,
505 637 557 699 sed
581 637 708 715 principi
732 635 869 714 paruisse
898 634 1094 704 del'endebat,
1131 636 1228 698 donec

157 743 221 784 eam
244 723 409 782 orationem
429 722 539 783 Caesar
561 722 710 792 cohibuit,
738 716 923 799 comperthm
946 718 1004 789 sihi
1028 721 1173 782 reserens
1196 739 1228 783 ax

126 845 129 851 ,
158 807 380 868 commentariis
413 809 505 884 patris
534 806 580 865 sui
604 800 715 866 nullam
738 806 913 882 cuiusquam
938 803 1171 866 accusationem
1194 805 1262 879 aba>

158 911 192 952 eo
215 899 358 952 coactam.
413 890 488 949 Turn
511 891 592 951 iussa
614 889 793 978 Messalinae
815 887 971 971 praetendi
994 897 1025 947 et
1045 887 1156 951 labare
1179 889 1227 952 de-

160 975 272 1037 fensio:
310 993 363 1034 cur
394 974 474 1033 enim
504 975 652 1035 neminem
687 974 776 1034 alium
810 973 957 1034 delectum
994 971 1045 1050 qui
1081 972 1229 1036 saevienti

158 1059 325 1137 impudicae
348 1076 449 1119 vocem
473 1054 652 1135 praeberet?
681 1057 855 1118 Punicndos
877 1074 975 1116 rerum
1000 1057 1154 1118 atrocium
1177 1057 1230 1118 mi-

158 1142 287 1212 nistros,
321 1142 372 1202 ubi
405 1143 500 1220 pretia
531 1143 677 1203 scelerum
701 1141 801 1219 adepti
825 1140 939 1201 scelera
961 1140 1027 1217 ipsa
1052 1140 1124 1201 aliis
1149 1142 1254 1202 dele·

160 1235 239 1306 gent.
270 1226 363 1302 lgitnr
385 1226 521 1304 adempta
544 1226 690 1286 bonorum
713 1235 797 1303 parte
821 1227 901 1296 (nam
924 1224 985 1295 lilio
1008 1231 1037 1283 et
1053 1225 1142 1303 nepti
1160 1230 1259 1304 parstt

159 1310 393 1382 concedebatur,
418 1309 680 1390 eximebanturque
704 1310 793 1369 etiarn
818 1327 893 1387 quae
916 1317 1098 1369 testamento
1122 1310 1229 1372 matris

159 1404 208 1454 aut
230 1393 313 1454 aviae
336 1384 525 1471 acceperant)
558 1393 590 1452 in
616 1391 731 1454 insulas
753 1393 893 1475 Baleares
922 1391 1061 1470 pellitur,
1102 1411 1167 1454 non
1200 1393 1229 1454 in

158 1479 226 1556 ipso
249 1477 432 1547 discrimine,
457 1495 515 1537 non
539 1487 608 1556 post
630 1477 852 1538 damnationem
877 1478 988 1537 lractus
1004 1476 1126 1550 animo;
1152 1479 1228 1540 lere-

158 1561 305 1639 baturque
338 1561 461 1638 copiosa
499 1570 529 1621 et
560 1562 643 1622 molli
672 1563 908 1622 rita‘sccretum
937 1560 1009 1620 illud
1040 1561 1229 1625 toleravisso.

160 1646 268 1705 Filium
292 1644 357 1705 eius
375 1644 558 1706 Nerullinum
587 1647 737 1724 aggressis
760 1644 990 1732 accusatoribus¹
1005 1663 1061 1722 por
1084 1646 1261 1708 invidiamtt

161 1729 254 1806 patris
277 1739 307 1790 et
322 1729 446 1790 crimina
464 1732 705 1808 repetundarum,
728 1730 899 1792 intercessit
916 1730 1058 1808 princeps
1077 1741 1229 1811 tamquam

104 1853 107 1857 -
162 1813 235 1874 satis
259 1815 373 1892 expleta
398 1814 521 1875 ultione.
1116 1842 1117 1846 ¹

107 1900 148 1958 44
245 1897 302 1957 Per
324 1898 403 1957 idem
425 1907 544 1977 tempus
558 1898 698 1959 Octavius
711 1896 957 1975 Sagittarium
980 1896 1132 1972 tribunus,
1151 1900 1228 1961 Pou-

160 1979 235 2051 tiae,
264 1981 399 2042 mulieris
422 1992 547 2060 nuptae,
570 1984 678 2042 'amore
699 1999 814 2054 vecors,
837 1981 1009 2058 ingentibus
1032 1983 1123 2042 donis
1146 1984 1230 2045 adul·

161 2064 267 2124 terium
292 2074 321 2124 et
341 2084 424 2136 mox,
449 2073 480 2126 ut
502 2066 655 2145 omitteret
676 2067 830 2137 maritum,
854 2076 1035 2136 emereatur,
1060 2085 1150 2128 suum
1167 2076 1263 2130 matt

159 2147 332 2207 trimonium
355 2149 531 2224 promittens
554 2169 589 2210 ac
612 2149 738 2226 nuptias.
754 2149 818 2209 eius
842 2159 956 2226 pactus.
1001 2151 1061 2210 Sed
1086 2152 1139 2212 ubi
1165 2172 1227 2214 mu-

160 2230 216 2290 lier
237 2248 327 2289 vacua
351 2232 421 2302 luit,
452 2243 572 2292 nectere
602 2251 716 2302 moras,
746 2233 902 2292 adversam
925 2235 1020 2312 patris
1043 2235 1229 2299 voluntatem

160 2306 275 2370 causari
313 2322 491 2394 repertaque
525 2334 578 2393 spe
612 2315 729 2375 ditioris
765 2317 902 2394 coniugis
930 2318 1080 2397 promissa
1107 2339 1226 2383 exuere.

125 2393 298 2452 ..Octavius
321 2402 424 2454 contra
448 2396 536 2457 modo
560 2400 704 2478 conqueri
726 2400 816 2460 modo
839 2401 987 2473 minitari,
1019 2405 1129 2472 lamam
1160 2424 1227 2485 per·
1252 2408 1255 2417 '

159 2475 261 2548 ditam,
285 2477 442 2554 pecuniam
458 2482 630 2543 exhaustam
647 2484 811 2557 obtestans,
835 2487 966 2566 denique
988 2486 1126 2560 salutem,
1151 2497 1260 2568 quaett

160 2561 223 2620 sola
246 2561 360 2640 reliqua
383 2573 479 2634 esset,
513 2567 637 2628 arbitrio
670 2570 734 2630 eius
757 2571 945 2648 permittens.
999 2572 1041 2631 Ac
1063 2578 1227 2653 postquam

160 2645 373 2723 spernebatur,
397 2657 515 2708 noctem
540 2670 627 2714 unam
651 2655 687 2714 ad
710 2654 856 2716 solacium
879 2657 994 2734 poscit,
1028 2674 1086 2734 qua
1113 2659 1227 2720 deleui-

159 2739 208 2792 tus
230 2731 353 2792 modum
377 2731 407 2792 in
430 2743 583 2812 posterum
606 2738 771 2802 adhiberet.
817 2740 963 2801 Statuitur
987 2758 1054 2812 nox,
1078 2750 1109 2802 et
1120 2742 1227 2804 Pontia

118 2971 133 2978 m
155 2913 207 2964 lud.
230 2915 260 2964 13
288 2913 381 2964 deiude
399 2917 480 2963 amici
508 2915 562 2974 (des
590 2913 665 2964 Clau·
718 2925 750 2974 56
775 2925 800 2971 si
829 2925 991 2988 triumphum
1014 2937 1070 2971 non
1093 2927 1228 2990 cupiebas,

157 2979 230 3035 diust.
252 2979 416 3029 Saturninus
433 2979 530 3028 Lusius
553 2986 580 3030 et
595 2981 665 3033 Pedo
718 2992 792 3038 cuites
810 2990 916 3039 tandem
933 2993 975 3038 ret·
983 2990 1168 3054 tecupiditate
1185 3009 1230 3044 ar·

156 3045 295 3109 Pompeius
313 3052 339 3094 et
354 3045 447 3111 cupos
472 3052 498 3095 et
516 3045 589 3097 Celer·
605 3050 666 3099 Asi·
716 3057 779 3102 cicae
796 3056 954 3116 dependeat*
1013 3057 1019 3074 ¹

47 3133 54 3149 κ
155 3113 218 3159 nius
236 3113 396 3161 enuntiares.
724 3139 728 3144 >
753 3122 790 3170 10.
809 3121 881 3182 filio,
908 3123 963 3172 dem
988 3123 1097 3173 bernach
1117 3136 1227 3188 genanu-

193 3180 343 3242 l-eqoitum
352 3177 553 3245 Kouraporina.
593 3183 662 3236 Suet.
716 3193 757 3235 ten
775 3183 939 3236 Nesattium,
977 3188 1030 3237 Der
1047 3193 1146 3244 andere
1166 3193 1228 3245 cao-

148 3242 245 3294 ·Cland.
275 3247 307 3296 29
335 3248 364 3295 iu
394 3251 524 3300 trecentos
549 3254 665 3319 ampliato·
715 3252 826 3300 anninus
843 3258 873 3309 ts.
895 3269 926 3301 zu
942 3253 988 3304 Xl.
1009 3257 1034 3315 21
1054 3273 1113 3307 war
1132 3270 1228 3312 antwe-

157 3310 255 3376 dput'tes
272 3310 403 3365 Kantanos
421 3319 618 3369 animaduertit.
715 3317 761 3365 der
779 3316 833 3365 lodi
850 3319 912 3367 oder
928 3322 1016 3371 warde
1038 3322 1075 3372 als
1094 3326 1228 3380 Verbanu-

191 3381 215 3430 3.
236 3379 392 3441 dependebat
410 3383 533 3436 beonnae
545 3388 596 3436 sien
607 3387 664 3434 ter
710 3390 755 3437 ter
772 3383 941 3447 uborgongen.

137 3442 368 3515 ‘verttreiuigungt
395 3451 551 3518 ‘hebauptete
569 3451 663 3500 zusci·
751 3453 789 3500 tt.
810 3456 905 3502 matris
923 3460 971 3504 aut
987 3459 1227 3513 aoiaebezeicbnet

156 3514 424 3581 nerVertbeidigung'.
440 3516 659 3568 Cic.inVerr.lll.
715 3517 826 3568 dieselbc
844 3519 947 3580 Person,
972 3523 1012 3573 die
1032 3525 1074 3574 hir
1092 3528 1140 3578 den
1160 3532 1225 3581 Sobn

156 3583 196 3638 90,
212 3583 259 3633 211
280 3585 352 3648 quod
368 3601 442 3635 nemo
460 3588 514 3634 nui
529 3585 664 3648 improbus
697 3591 799 3636 auctet·
823 3589 864 3637 hir
887 3589 928 3640 die
946 3590 1054 3641 Entelin
1071 3598 1134 3645 note
1158 3614 1225 3650 wur.

96 3683 97 3687 ,
155 3647 257 3712 fecerit,
275 3651 305 3701 id
321 3653 436 3700 oliorum
453 3651 572 3713 eoeemplo
589 3650 664 3711 refe·
716 3654 741 3704 S.
763 3671 794 3704 zu
813 3655 855 3704 Vt.
879 3659 918 3708 18.
1011 3714 1013 3723 Ι

156 3718 221 3783 cisse
238 3717 383 3778 defendat?
399 3733 422 3781 p.
443 3714 509 3766 Tull.
525 3717 557 3766 32
574 3719 599 3766 ri
616 3720 665 3768 titi
753 3725 790 3772 15.
810 3721 990 3775 Nerullinum.
1013 3726 1038 3775 S.
1059 3743 1090 3774 zu
1109 3728 1168 3780 Xll.
1184 3734 1227 3783 25.

156 3782 260 3832 libitum
277 3782 343 3831 esset
360 3785 399 3831 ita
417 3781 558 3842 defendere
564 3822 571 3847 ,
591 3788 663 3835 tuam
748 3784 848 3843 4425.
870 3793 1014 3843 obstestans
1032 3793 1076 3843 mit
1094 3795 1229 3848 heschwd-

154 3849 286 3908 familiam
303 3863 357 3897 nort
374 3848 474 3910 forthae,
496 3852 621 3916 vinceres,
639 3856 664 3902 at
714 3870 779 3914 rung
797 3855 836 3904 ibr
852 3859 1020 3919 ,vorholtend,
1051 3861 1151 3913 dhulicb
1176 3866 1229 3916 wie

148 3915 185 3963 a'd
205 3916 320 3980 probare
339 3918 477 3982 potur‘ssec.
504 3918 531 3966 in
547 3918 597 3969 Pis.
619 3922 658 3978 24,
715 3921 872 3984 defendebat
888 3941 910 3975 c.
932 3928 973 3978 ta.
1064 3945 1066 3949 ’
