2550 4350
159 293 221 356 164
332 322 335 329 ¹
414 346 417 351 .
503 264 831 355 -conva'nnmcvrr
1032 303 1236 366 -·(a.u.sn

168 458 361 521 donandaeve
382 457 539 518 Armeniae
567 469 698 535 egerant,
728 457 856 517 Vasaces
883 455 1044 532 imaginem
1075 458 1232 520 retinendi

167 543 349 620 largiendive
371 561 466 621 penes
487 561 552 614 nos,
574 544 633 603 vim
655 560 750 622 penes
764 541 889 602 Parthos
911 550 1070 601 memorat.
1094 543 1136 604 Et
1159 544 1232 604 mul·

167 637 229 690 tum
263 627 294 689 in
327 627 420 689 vicem
453 626 630 706 disceptato,
663 628 844 689 Monobazus
876 624 1049 686 Adiabenus
1085 627 1118 687 in
1154 630 1231 690 diem

167 721 323 793 posterum
357 712 443 773 testis
471 712 498 774 is
527 731 603 791 qnae
631 711 819 791 pepigissent
845 709 1005 772 atbibetur.
1049 711 1231 792 Placuitque

166 797 288 858 liberavi
318 795 436 857 obsidio
464 797 607 876 legiones,
636 807 665 857 et
693 797 838 857 decedere
866 813 985 855 omnem
1007 795 1142 858 militem
1165 798 1252 858 fini-5

167 882 225 943 bus
253 882 476 953 Armeniorum,
511 881 692 959 castellaque
721 891 751 941 et
777 889 960 941 commeatus
981 879 1105 942 Parthis
1136 883 1228 956 tradi;

169 966 277 1046 quibus
306 966 486 1046 perpetratis
514 967 601 1044 copia
623 965 760 1043 Vologesi
788 966 873 1025 fieret
900 963 1037 1025 mittendi
1063 967 1104 1026 ad
1133 967 1226 1028 Nero-

103 1055 155 1116 ,15
168 1070 236 1113 nem
258 1051 383 1128 legatos.
404 1051 527 1112 Interim
549 1051 663 1112 llumini
682 1050 825 1110 Arsaniae
848 1048 886 1119 (is
908 1059 1005 1110 castra
1027 1052 1228 1129 praefluebat)

166 1144 289 1216 pontem
323 1136 480 1214 imposuit,
512 1136 614 1214 specie
646 1134 704 1195 sibi
737 1135 824 1195 illud·
844 1134 901 1194 iter
933 1134 1144 1212 expedientis:
1178 1137 1229 1198 sed

167 1219 269 1282 Partbi
299 1220 384 1303 quasi
418 1220 625 1281 documentum
655 1220 797 1279 victoriae
825 1218 985 1279 iusserant.
1028 1219 1169 1299 Namque
1189 1221 1258 1281 iistt

165 1304 236 1366 usui
258 1304 331 1377 loit3
354 1304 449 1364 nostri
470 1322 526 1383 per
547 1303 695 1364 diversum
719 1304 792 1364 iere.
834 1302 957 1363 Addidit
976 1321 1081 1364 rumor
1103 1305 1162 1366 sub
1184 1306 1227 1368 iu-

168 1406 236 1467 gum
266 1389 375 1448 missas
396 1387 531 1465 legiones
554 1395 584 1448 et
606 1387 661 1448 alia
685 1407 719 1450 ex
741 1387 831 1448 rebus
854 1387 1004 1460 infaustis,
1034 1407 1167 1467 quorum
1189 1391 1227 1450 si-

59 1494 76 1535 ·,
166 1474 331 1534 mulacrum
353 1472 389 1533 ab
404 1471 552 1533 Armeniis
575 1482 747 1551 usurpatum
770 1481 825 1533 est.
847 1472 980 1551 Namque
995 1480 1027 1532 et
1040 1475 1227 1536 munimenta

167 1557 296 1636 ingressi
319 1565 398 1630 sunt,
431 1566 588 1636 antequam
610 1575 715 1634 agmen
736 1557 901 1618 Romanum
923 1558 1091 1632 excederet,
1121 1570 1151 1620 et
1174 1561 1228 1620 cir·

168 1650 346 1705 cumstetere
368 1642 442 1713 vias,
465 1643 580 1720 captiva
602 1643 673 1703 olim
695 1641 843 1720 mancipia
867 1651 917 1702 aut
948 1642 1083 1703 iumenta
1114 1643 1258 1721 adgno-tt

167 1737 286 1789 scentes
314 1727 591 1806 abstrahentesque.
623 1727 735 1806 Raptae
756 1727 844 1788 etiam
866 1735 974 1798 vestes,
997 1736 1114 1788 retenta
1137 1747 1226 1800 arma,

168 1813 276 1891 pavido
303 1812 398 1873 milite
420 1820 451 1874 et
472 1812 664 1883 concedente,
693 1831 730 1872 ne
753 1830 809 1890 qua
831 1811 938 1890 proelii
961 1830 1050 1872 causa
1074 1813 1224 1875 existeret

168 1896 329 1976 Vologeses
357 1897 448 1957 armis
475 1905 505 1958 et
526 1896 702 1975 corporibus
725 1915 879 1957 caesorum
902 1897 1060 1973 aggeratis,
1085 1916 1147 1976 quo
1170 1899 1226 1960 cle-

169 1980 236 2043 dem
259 1993 392 2043 nostram
413 1990 582 2053 testaretur,
615 1980 680 2041 visu
703 1981 877 2059 fugientium
898 1980 1049 2057 legionum
1072 1981 1223 2045 abstinuit

167 2067 258 2127 Fama
280 2065 495 2127 moderationis
518 2066 723 2144 quaerebatur,
749 2076 907 2144 postquam
930 2065 1102 2143 superbiam
1126 2066 1257 2149 explet)

168 2160 261 2212 verat.
296 2150 422 2210 Flumen
443 2149 598 2211 Arsaniam
620 2150 778 2229 elephanto
799 2148 945 2221 insidens,
967 2150 1123 2226 proximus
1145 2151 1225 2232 quis·

170 2254 226 2313 que
260 2251 360 2310 regem
390 2235 419 2292 vi
447 2254 591 2313 equorum
622 2253 793 2312 perrupere,
827 2233 896 2311 quia
915 2252 1031 2295 rumor
1057 2236 1224 2309 incesserat

168 2326 289 2396 pontem
312 2335 467 2378 cessurum
490 2320 574 2380 oneri
596 2318 665 2378 dolo
688 2317 907 2379 fabricantium.
951 2319 1010 2379 Sed
1034 2320 1085 2398 qui
1109 2318 1230 2399 ingredi

118 2400 234 2467 16ausi
261 2409 339 2472 sunt,
369 2401 497 2462 validum
525 2410 556 2462 et
583 2403 674 2463 fidum
703 2402 885 2464 rbtellexere.
929 2403 1065 2465 Ceterum
1090 2406 1222 2468 obsessis

167 2485 242 2546 adeo
270 2485 510 2563 suppeditavisse
538 2505 601 2547 rem
629 2487 850 2549 frumentariam
866 2489 1014 2550 constitit
1041 2497 1074 2549 ut
1108 2489 1255 2553 horreisb

168 2569 267 2648 ignem
294 2567 450 2644 inicerent,
479 2580 642 2651 contraque
670 2573 835 2651 prodiderit
858 2571 985 2634 Corbulo
1008 2573 1139 2636 Parthos
1160 2577 1221 2637 ino·

165 2672 221 2734 pes
243 2653 398 2737 copiarum
419 2666 449 2717 et
470 2657 578 2736 pabulo
601 2658 701 2718 attrito
716 2658 873 2720 relicturos
889 2658 1151 2742 oppugnationem,
1174 2678 1222 2720 nc·

169 2758 227 2819 que
247 2759 283 2803 se
302 2738 372 2820 plus
392 2741 483 2804 tridui
504 2743 613 2805 itinere
635 2743 756 2805 aluisse.
792 2742 892 2804 Adicit
911 2743 976 2803 iure
997 2743 1126 2820 iqrando
1141 2743 1220 2806 Paeti

168 2835 286 2893 cautum
307 2826 387 2906 apud
409 2827 504 2905 signa,
534 2828 699 2889 astantibus
721 2829 760 2889 iis
783 2847 858 2907 qnos
879 2828 1066 2888 testificando
1089 2849 1142 2891 rer
1167 2829 1219 2891 mi·

168 2911 274 2982 sisset,
301 2911 451 2972 neminem
478 2914 642 2974 Romanum
671 2913 840 2974 Armeniam
872 2912 1094 2990 ingressurum,
1129 2915 1254 2975 donecao

166 2996 348 3056 referrentur
367 2995 484 3057 litterae
505 2997 643 3068 Neronis,
666 3016 703 3057 an
724 2998 792 3078 paci
814 3005 967 3059 annueret.
1012 2997 1097 3070 Quae
1120 3009 1153 3060 ut
1174 3017 1222 3061 au·

164 3191 214 3240 ibm
231 3191 284 3240 sein
302 3190 381 3241 Reiclr
398 3192 500 3242 zurvick.
528 3192 611 3244 Ueber
628 3195 668 3247 die
716 3198 858 3263 promimus
875 3196 917 3246 bat
931 3196 993 3247 Tac.
1014 3215 1062 3249 nur
1079 3200 1145 3251 bier.
1163 3198 1223 3251 llor-

163 3257 256 3309 Kaiser
273 3257 304 3308 11.
325 3261 347 3311 3.
370 3261 410 3310 56.
430 3258 473 3311 Vl.
494 3261 666 3318 31111114.
719 3263 787 3314 selbe
805 3263 839 3314 ist
856 3264 995 3332 uberhaupt
1015 3269 1113 3318 sowobl
1131 3260 1224 3319 bierbei

163 3324 221 3376 Xll.
241 3329 283 3378 44.
304 3325 372 3377 Χ111.
393 3330 433 3380 34.
454 3327 523 3380 XIV.
544 3333 585 3383 23.
719 3330 757 3381 als
774 3331 816 3380 bei
829 3333 1048 3398 propior-selum
1070 3335 1224 3398 gewdbnlicb

197 3398 222 3447 4.
242 3398 266 3446 ia
283 3396 324 3445 mr
341 3396 382 3460 iia,
400 3398 534 3449 atbibetur
551 3400 592 3450 lvir
608 3401 667 3450 adli.
719 3398 766 3448 der
779 3398 862 3450 Dativ.
882 3401 1033 3464 Umgekebrt
1050 3403 1092 3454 bei
1112 3405 1158 3455 deo
1175 3403 1229 3454 Ad-

197 3460 248 3521 15.
270 3466 308 3515 12.
329 3479 441 3531 quomm
452 3468 624 3519 simulacrum
642 3483 666 3517 u.
718 3467 821 3530 verbien
837 3485 929 3536 prope,
943 3473 1067 3535 propius,
1081 3474 1215 3538 prominet.

164 3547 185 3582 s.
204 3548 238 3582 w.
267 3532 354 3594 ‘denen
377 3534 526 3585 Aebnliebes
549 3550 597 3585 von
621 3536 669 3585 den
752 3531 801 3592 lii.
825 3539 864 3590 26.
882 3538 1036 3604 ρνοάίάθήι
1054 3537 1178 3604 Corbulo,
1200 3538 1225 3589 in

163 3602 232 3650 Arm.
261 3601 382 3664 ausgevibt
403 3602 457 3654 -ist’.
478 3601 587 3652 'Worin
614 3602 668 3651 dies
719 3603 804 3654 omnen
817 3604 1022 3663 Commenmrien,
1043 3606 1085 3659 dio
1102 3609 1168 3659 auch
1181 3608 1227 3659 der

162 3668 275 3727 bestuud,
296 3670 364 3734 zeigt
381 3671 426 3721 das
443 3669 577 3731 Folgende.
624 3680 627 3687 '
718 3670 798 3722 altere
809 3672 904 3723 Plinius
916 3673 1019 3725 benutzt
1030 3675 1074 3725 bat
1083 3674 1148 3741 (lud.
1156 3683 1223 3727 anot.

189 3738 239 3787 15.
268 3737 475 3803 captivandae,
505 3735 600 3785 welche
627 3735 685 3787 die.
718 3739 734 3789 l.
756 3739 821 3790 Vn.
841 3740 884 3790 Vl.
904 3741 936 3791 V.
956 3744 997 3797 24.
1019 3744 1070 3805 83).
1164 3780 1178 3799 .

162 3803 256 3854 Rbmer
277 3805 326 3855 den
343 3805 490 3854 Armeoiern
515 3803 602 3867 lrviber
623 3804 669 3878 ab·
753 3808 794 3858 27.
809 3807 957 3860 relicturos.
970 3809 1226 3862 llierzowirdleiebt

163 3886 315 3934 genommen.
358 3885 361 3890 ·
717 3874 800 3935 fuisse
817 3878 921 3937 erginzt
938 3892 1026 3941 wegen
1035 3878 1080 3929 des
1090 3878 1227 3943 folgenden

196 3939 238 3990 22.
263 3952 360 4005 regem.
394 3936 451 3990 Dan
466 3936 601 4001 Accusitiv
625 3937 668 3992 bei
717 3941 825 4004 «subm
841 3941 899 4007 Vgl.
918 3960 950 3996 an
965 3945 998 3998 11.
1018 3947 1062 3998 31.ι
