2550 4350
158 286 217 347 194
545 295 702 346 6666666
720 286 831 347 vnevrl
894 292 897 305 ·
1105 299 1231 361 (nasu

114 453 155 514 64
166 451 264 513 verbis
287 451 433 513 invertere
456 451 651 530 supersedeo.
673 452 710 511 Αι
724 450 802 510 Nero
826 449 907 529 nullo
929 450 959 510 in
974 449 1138 511 Paulinam
1163 472 1232 532 pro-

168 537 234 615 prio
258 537 337 607 odio,
362 553 397 596 ac
419 555 457 596 ne
480 536 618 612 glisceret
640 535 751 596 invidia
773 535 967 607 crudelitatis,
990 536 1076 596 iubet
1097 537 1229 598 inhiberi

165 631 302 683 mortem.
336 621 528 681 Hortantibns
552 620 696 681 militibus
719 621 797 680 servi
819 620 978 698 libertique
1003 620 1146 696 obligant
1167 623 1231 684 bra·

166 706 243 778 chia,
266 716 404 785 premunt
426 705 611 782 sanguinem,
634 706 780 766 incertum
803 723 839 764 an
862 703 993 781 ignarae.
1027 706 1106 765 Nam
1133 716 1166 767 ut
1187 718 1229 769 est

164 791 267 868 vulgus
297 790 334 850 ad
363 790 511 851 deteriora
540 801 719 869 promptum,
749 808 809 850 non
838 789 959 850 deluere
982 789 1034 866 qui
1060 791 1248 864 credereutt

119 938 137 949 „
152 875 261 937 donec
289 874 500 954 inplacabilem
522 876 670 935 Neronem
699 875 840 945 timuerit,
869 875 978 935 lamam
1001 875 1142 936 sociatae
1165 896 1227 938 cum

123 956 271 1027 'etl-marito
299 959 405 1020 mortis
436 960 588 1038 petivisse,
619 959 727 1021 deiude
755 959 853 1019 oblata
881 959 1001 1018 mitiore
1031 978 1089 1037 spe
1115 960 1226 1022 blandi-

164 1045 274 1106 mentis
295 1045 373 1105 vitae
396 1046 535 1115 evictam;
561 1045 609 1106 cui
632 1044 748 1105 addidit
769 1061 881 1123 paucos
904 1053 1010 1122 postea
1034 1063 1145 1117 annos,
1167 1046 1226 1106 lau-

163 1128 255 1190 dabili
285 1129 315 1188 in
344 1130 480 1190 maritum
502 1130 645 1190 memoria
670 1141 699 1188 et
721 1148 772 1189 ore
795 1146 831 1189 ac
852 1127 994 1188 membris
1017 1128 1050 1188 in
1075 1149 1147 1190 eum
1169 1132 1226 1210 pal·

163 1213 258 1274 lorsm
287 1206 465 1286 albentibus,
496 1224 526 1274 ut
557 1213 686 1274 ostentui
715 1223 795 1274 esset
824 1214 947 1274 multum
976 1213 1076 1274 vitalis
1100 1216 1255 1294 spirituslt

163 1308 307 1374 egestum.
331 1299 445 1357 Seneca
468 1297 597 1367 interim,
624 1299 749 1357 durante
771 1306 868 1357 tractu
890 1306 920 1358 et
941 1297 1126 1360 lentitudine
1150 1319 1225 1361 mor-

151 1383 211 1453 ris,
241 1381 368 1441 Statium
390 1383 552 1452 Annaeum,
584 1382 635 1441 diu
657 1381 887 1443 sibi'amioitiae
910 1382 968 1443 lide
991 1394 1021 1442 et
1043 1395 1109 1446 arte
1135 1386 1224 1446 medi-

162 1465 248 1524 cinae
270 1464 436 1543 probatum,
460 1475 533 1536 orat,
564 1466 716 1545 provisum
739 1467 854 1545 pridem
877 1485 1033 1539 venenum,
1059 1487 1122 1547 quo
1148 1471 1225 1532 dam-

162 1549 225 1610 nati
247 1548 367 1627 publico
390 1550 616 1612 Atheniensium
640 1551 750 1611 iudicio
774 1552 1025 1628 extinguerentur,
1056 1565 1224 1631 promeret;

161 1634 351 1713 adlatumque
379 1635 479 1696 bausit
508 1637 626 1708 trustra,
658 1637 782 1714 frigidus
811 1637 869 1696 iam
893 1645 974 1696 artus
998 1645 1027 1697 et
1051 1638 1137 1698 cluso
1160 1647 1254 1700 cor-tt

160 1738 234 1800 pore
258 1720 413 1781 adversum
436 1721 495 1781 vim
516 1721 635 1783 veneni.
658 1723 812 1782 Postremo
836 1731 973 1798 stagnum
996 1722 1115 1783 calidae
1136 1743 1226 1804 aquae

161 1804 287 1877 introiit,
315 1823 493 1884 respergens
522 1807 676 1884 proximos
704 1825 867 1877 servorum,
897 1806 996 1866 addita
1019 1803 1104 1880 voc'e,
1135 1809 1224 1871 libare

161 1908 194 1951 se
217 1890 362 1969 liquorem
386 1890 469 1950 illum
491 1891 553 1952 lovi
575 1891 738 1952 liberatori.
761 1891 845 1950 Exim
867 1890 974 1950 balneo
998 1890 1111 1952 inlatus
1137 1905 1225 1954 etva-

159 1993 235 2053 pcre
264 1976 327 2035 eius
357 1975 550 2048 exanimatus,
582 1976 646 2037 sine
675 1977 736 2036 ullo
767 1975 879 2035 funeris
903 1975 1040 2036 sollemni
1066 1989 1224 2040 crematur.

160 2059 204 2120 lta
235 2059 383 2119 codicillis
416 2060 662 2139 praescripserat,
695 2079 762 2121 cum
796 2060 885 2120 etiam
917 2067 980 2119 turn
1010 2063 1174 2138 praedives
1197 2069 1255 2123 etlt

109 2146 148 2207 65
161 2150 342 2223 praepotens
365 2145 513 2222 supremis
536 2145 599 2206 suis
622 2146 801 2207 consuleret.
824 2146 913 2205 Fama
929 2145 985 2205 luit
1001 2146 1149 2208 Subrium
1165 2148 1226 2210 Fla·

160 2247 228 2288 vum
251 2247 318 2287 cum
341 2229 568 2290 centurionibus
592 2232 708 2291 occulto
733 2229 870 2302 consilio,
895 2247 992 2308 neque
1017 2239 1119 2292 tamen
1143 2233 1224 2310 iguo·

160 2319 244 2372 rante
272 2313 395 2383 Seneca,
426 2314 632 2385 destinavisse,
662 2322 694 2373 ut
720 2323 790 2391 post
818 2314 952 2374 ocoisvvm
980 2333 1074 2393 opera
1105 2316 1223 2378 Pisonis

159 2395 308 2454 Neronem
329 2396 399 2455 Piso
424 2415 542 2475 quoque
564 2397 791 2469 interficeretur,
814 2399 1039 2478 tradereturque
1065 2401 1223 2481 imperium

161 2480 302 2548 Senecae,
334 2478 427 2556 quasi¹
445 2480 616 2543 insontibus
645 2483 822 2543 claritudine
850 2484 990 2544 virtutum
1013 2485 1051 2546 ad
1077 2493 1256 2547 summumlt

159 2562 312 2642 fastigium
335 2564 460 2626 delecto.
492 2566 571 2638 Quin
595 2576 625 2628 et
645 2568 734 2630 verba
759 2568 839 2628 Flavi
863 2567 1069 2645 vulgabantur,
1094 2590 1157 2633 nou
1178 2590 1224 2632 re·

153 2651 237 2729 terre
259 2648 425 2720 dedecoris
448 2650 474 2710 si
497 2652 688 2715 citharoedus
711 2654 917 2715 demoveretur
932 2663 961 2714 et
976 2656 1141 2732 tragoedus
1158 2675 1244 2737 suc-5

159 2736 288 2806 cederet,
313 2735 381 2813 quia
403 2743 435 2796 ut
449 2736 528 2798 Nero
545 2739 667 2812 cithara,
690 2738 730 2798 ita
746 2739 816 2799 Piso
832 2738 944 2815 tragico
962 2748 1070 2800 ornatu
1087 2741 1223 2802 canebat.

108 2821 149 2884 66
245 2819 380 2882 Ceterum
409 2821 548 2884 militaris
572 2843 690 2903 quoque
713 2823 896 2903 conspiratio
920 2842 980 2883 non
1003 2824 1082 2887 ultra
1105 2826 1221 2895 refellit,

159 2905 295 2967 accensis
317 2905 468 2967 indicibus
489 2909 526 2968 ad
542 2910 730 2987 prodendum
744 2909 886 2969 Faenium
902 2908 1021 2982 Rufum,
1044 2929 1134 2990 quem
1151 2917 1255 2971 eun-u

156 3053 259 3116 Worte)
282 3058 386 3119 surripi
408 3071 462 3105 non
483 3063 608 3122 possent:
634 3065 663 3109 ct
750 3061 787 3110 18.
810 3058 938 3122 balneum,
960 3059 1128 3126 ‘Dumplbad'.

154 3135 227 3169 nunc
251 3122 359 3170 cuilibet
381 3126 515 3172 orationes
532 3128 662 3177 invertere
747 3129 786 3177 20.
808 3128 968 3191 etiamtum,
996 3128 1019 3176 6.
1041 3129 1066 3177 6.
1096 3129 1122 3178 in
1141 3129 1224 3180 ledbe-

156 3192 212 3237 trtto
230 3187 291 3236 licet
304 3202 356 3253 pro
374 3190 436 3238 suis.
712 3208 756 3242 rer
772 3192 838 3242 Zeit.

188 3249 241 3311 64.
269 3256 293 3305 4.
320 3257 439 3319 gnaras.
480 3255 662 3313 Wabrscbein-
746 3256 800 3315 65.
827 3261 867 3310 25-
888 3263 1044 3327 insontibus,
1072 3265 1121 3315 det·
1138 3264 1221 3321 Dalii,

154 3319 203 3373 lieu
221 3337 277 3372 war
294 3321 331 3372 sie
348 3322 494 3376 bewustlos.
711 3327 761 3376 wie
780 3328 823 3386 ott,
845 3336 908 3379 statt
925 3332 958 3379 ab
975 3331 1020 3380 mit
1038 3331 1096 3382 dem
1115 3333 1173 3383 ubl.

190 3393 230 3442 10.
250 3395 322 3453 essct,
341 3390 413 3442 6661
431 3395 524 3460 pallor
540 3398 592 3449 illc.
746 3396 787 3447 26.
812 3412 867 3447 uon
894 3398 996 3459 referre
1021 3398 1162 3451 dedecoras
1189 3411 1223 3451 ‘es

190 3461 229 3510 12.
245 3457 347 3508 Statua
358 3476 415 3512 war
431 3464 483 3513 sein
498 3465 661 3527 cigentlicber
704 3460 808 3515 ¹kutuuse
827 3465 868 3515 tur
886 3466 926 3515 die
938 3466 1061 3516 Schande'
1071 3469 1156 3520 niobts
1169 3470 1224 3520 dar·

155 3525 318 3586 Gentiluame‚
341 3528 388 3579 den
406 3533 515 3582 zwciteu
534 3533 662 3584 6666166-
688 3530 1223 3593 ’666666686666666166666666.

153 3595 415 3649 meuAnnueuebatte
423 3615 514 3649 ervom
522 3600 617 3650 Seneca
624 3599 676 3650 ols·
696 3594 902 3667 -jssul‘dtaffldd
905 3602 1055 3668 plurimum
1063 3605 1225 3666 refer-tcum·

154 3662 244 3713 dessen
255 3663 337 3716 Clieut
349 3681 534 3729 ungeuommen.
708 3662 858 3735 antitiquus,
871 3685 938 3734 quae
953 3671 1048 3734 quibus
1067 3679 1225 3739 anteponas.

189 3734 227 3783 14.
245 3735 353 3798 publico
372 3763 403 3773 —
422 3734 530 3796 iudicio,
562 3734 595 3783 ‘in
624 3736 660 3785 ei·
710 3728 1225 3804 :·=ffi;²30.indicidua,disjeuigeuvon

154 3815 210 3851 nem
245 3800 473 3863 Crimiualgericbt',
505 3802 594 3864 gebdrt
628 3821 660 3855 zu
711 3802 760 3853 den
784 3802 1014 3863 Vorscbworeueu‚
1045 3808 1146 3861 welcbe
1173 3811 1224 3861 sicb

155 3867 281 3917 docmati.
317 3868 368 3918 Das
387 3869 440 3919 utu
465 3883 521 3918 war
539 3869 584 3920 der
605 3872 661 3924 salt
711 3886 766 3922 zum
789 3873 908 3934 Augeben
931 3874 1141 3937 bcrbcigelasseu
1172 3881 1225 3930 bat·

154 3933 198 3984 des
217 3932 363 3997 Schierling‚
383 3933 503 3986 κώνειον.
711 3947 761 3990 teu.
795 3938 822 3990 S.
843 3956 874 3990 zu
892 3940 934 3992 Vl.
956 3943 979 3994 8.
