2550 4350
78 246 205 310 aonio)
280 242 322 293 is
340 242 493 296 excussu
509 241 579 294 nivi
598 241 740 294 auousui
757 242 788 294 u.
809 245 850 296 ῃ.
866 247 906 297 23.
923 248 964 299 24.
1108 239 1145 300 ut

78 395 205 459 nubium
234 395 322 473 globo
352 395 445 457 effusa
473 396 602 474 grando,
637 395 722 456 simui
750 396 839 457 variis
860 397 990 475 undique
1011 403 1153 477 proceiiis

77 480 186 542 incerti
202 481 308 541 fluctus
323 489 511 559 prospectum
527 480 667 553 adimere,
684 480 815 558 regimen
830 482 980 559 inpedire;
1003 484 1148 564 milesque

77 565 203 644 pavidus
221 574 251 625 et
265 581 403 625 cassuum
419 565 509 625 maris
521 565 643 642 ignarus
660 565 728 626 duni
742 565 840 625 turbat
854 574 959 626 nautas
975 568 1020 627 vel
1034 568 1144 630 intern-

76 649 195 728 pestive
217 648 305 716 iuvat,
329 648 424 708 eitioia
446 649 635 726 prudentium
658 650 875 727 corrumpebat
919 650 1015 711 Omne
1040 651 1150 715 dehinc

51 733 191 796 sonetum
216 741 246 793 et
266 750 348 793 inere
370 751 458 792 omne
480 733 511 805 in
539 741 671 794 austrum
701 734 807 805 cessit,
845 733 894 812 qui
924 735 1043 796 tumidis
1067 736 1143 797 Ger·

76 819 194 878 maniae
222 816 326 887 terris,
363 816 519 894 profundis
553 816 688 879 amnibus
718 819 863 878 immenso
898 818 1021 880 nubium
1051 829 1145 882 tractu

77 901 192 962 validus
221 909 252 961 et
278 900 378 976 rigore
406 900 492 961 vicini
522 901 735 978 septentrionis
758 902 909 963 horridior
931 903 1029 980 rapuit
1049 905 1145 966 disie-

74 987 173 1062 citque
195 1003 285 1046 naves
308 985 339 1044 in
362 993 462 1063 aperta
487 984 595 1046 Oceani
625 991 675 1045 aut
703 986 815 1047 insulas
839 987 918 1046 saxis
941 987 1073 1067 abruptis
1097 991 1143 1051 vel

74 1068 266 1148 perocculto
296 1068 369 1128 vada
391 1069 525 1129 infestas}
570 1069 684 1140 Quibus
713 1071 832 1148 paulum
861 1090 1005 1150 aegreque
1033 1073 1143 1148 vitatis,

36 1164 66 1215 10
76 1161 237 1233 postquam
261 1152 393 1213 mutabat
414 1163 514 1213 aestus
538 1153 703 1231 eodemque
724 1173 783 1232 quo
807 1164 911 1216 ventus
934 1156 1055 1228 ferebat,
1080 1175 1142 1219 nen

74 1238 238 1298 adhaerere
259 1237 387 1306 ancoris,
410 1255 471 1297 non
493 1237 646 1298 exhaurire
666 1237 863 1318 inrumpentis
879 1241 972 1300 undas
988 1251 1140 1318 poterant:

74 1321 143 1399 eqni
165 1321 297 1382 iumenta
318 1320 460 1391 sarcinae,
484 1320 572 1381 etiam
595 1340 674 1382 arina
703 1324 948 1401 praecipitantur,
978 1332 1037 1404 quo
1059 1326 1139 1387 leva-

73 1414 182 1465 rentur
199 1404 288 1464 ·aivei
323 1414 474 1466 manantes
508 1424 563 1484 per
594 1406 685 1466 latera
722 1415 752 1467 et
787 1409 877 1468 fluctu
914 1420 1136 1489 superungente.

75 1488 196 1560 Quanto
225 1488 383 1549 violentior
409 1499 507 1550 cetero
536 1491 610 1550 mari
639 1490 774 1551 Oceanus
803 1500 833 1551 et
863 1494 1036 1563 truculentia
1065 1496 1136 1557 caeli
1148 1499 1194 1558 24

34 1581 208 1651 topraestat
223 1573 388 1645 Germania,
412 1582 524 1635 tantum
546 1574 595 1634 iiia
617 1574 715 1634 clades
739 1575 868 1636 novitate
891 1585 921 1636 et
938 1579 1139 1656 magnitudine

73 1658 218 1730 excessit,
252 1657 411 1719 hostilibus
439 1659 549 1719 circum
577 1658 716 1719 litoribus
745 1666 796 1718 aut
825 1659 866 1719 ita
895 1668 977 1720 vaste
1007 1672 1037 1724 et
1064 1682 1136 1741 pro·
1220 1656 1223 1663 ’

68 1842 180 1893 sondern
205 1843 283 1893 durch
310 1842 351 1892 die
375 1841 466 1892 Schiiie
492 1841 516 1890 in
535 1841 583 1890 Be-
633 1846 660 1889 et
677 1841 747 1891 iane
763 1841 860 1891 iudico.
898 1841 1017 1893 Ceterum
1037 1846 1144 1898 illaesi

69 1925 180 1973 wegong
197 1917 303 1972 gesetat,
329 1909 396 1960 wohl
413 1909 475 1959 eber
492 1908 587 1958 niuei,
633 1907 712 1972 ionga
735 1911 824 1958 unior
853 1923 935 1959 cauea
958 1927 1061 1961 u.s.w.
1091 1915 1141 1962 unit

67 1977 125 2036 hur,
147 1978 179 2027 da
197 1977 238 2028 die
256 1976 331 2041 Segel
349 1978 394 2027 das
407 1975 486 2028 scinu
500 1976 525 2025 in
535 1976 582 2026 Be·
632 1991 653 2025 c.
666 1977 710 2027 13:
731 1975 810 2025 Facit
826 1990 890 2040 ergo
904 1982 1010 2027 uentum
1022 1979 1144 2030 resoluto

68 2059 180 2107 weguug
196 2052 292 2095 setzen.
631 2045 719 2093 uicies.

103 2114 128 2164 3.
148 2127 276 2162 cassatum.
313 2111 339 2162 S.
360 2127 390 2161 zu
409 2110 427 2160 i.
443 2113 486 2163 47.
548 2130 555 2145 ‘
667 2114 706 2163 to.
724 2111 846 2161 mutabat
859 2115 946 2161 aestus
957 2111 1143 2175 eodemque-

103 2183 127 2230 5.
146 2182 176 2229 iu
201 2185 322 2232 austrum
346 2181 424 2229 ceant
452 2178 501 2229 ‘fiel
525 2180 582 2229 dem
630 2181 740 2242 ferebat
768 2178 867 2229 Vorher
884 2194 940 2229 war
957 2179 1142 2242 dieStniruung

68 2246 193 2298 Siidwind
217 2248 328 2303 onheim,
361 2246 433 2296 ward
458 2247 506 2296 itur
533 2244 579 2297 zui·
630 2247 1142 2310 segonienWindgessangenondhatte

67 2314 165 2371 Beute’,
185 2315 236 2364 wie
254 2313 297 2366 Ι.1
318 2314 427 2378 Pompei
440 2312 580 2379 Crassique
629 2315 679 2366 iinn
697 2315 750 2365 also
769 2314 1045 2378 einiganiderstaud
1062 2316 1144 2377 gelei-
1202 2338 1206 2344 ·

63 2384 189 2448 potentia
207 2384 259 2432 cite
277 2383 306 2432 in
320 2379 468 2444 Caesarem,
483 2380 581 2447 Lepidi
630 2391 693 2440 stet;
709 2384 930 2447 jetztverstairkte
941 2382 1141 2434 sieseineWir-

68 2454 150 2514 atquo
161 2449 276 2499 Antonii
291 2463 368 2498 omo
386 2451 415 2497 in
426 2449 579 2512 Augentum
630 2451 705 2512 iung.
728 2450 849 2500 Mutabat
858 2450 1008 2506 intransitiv,
1020 2451 1069 2502 wie
1079 2450 1139 2502 ΧΙΙ.

67 2531 175 2566 mucre.
210 2516 263 2566 Der
280 2515 362 2567 thu
380 2515 445 2572 kam,
469 2516 519 2565 wie
538 2517 578 2565 die
630 2519 663 2569 29
681 2517 859 2567 diuturnitate
875 2520 1068 2584 insupertium
1082 2534 1143 2569 mac-

67 2583 185 2646 fulgendo
194 2583 339 2644 Erzihiung
351 2583 425 2645 aeigt,
440 2583 579 2644 nichtgnnz
632 2589 697 2633 tans.
728 2583 784 2633 Liv.
804 2583 844 2634 tlt.
856 2587 920 2641 tue
937 2591 969 2634 ut
985 2585 1056 2635 ninii
1072 2585 1143 2635 odor

67 2665 114 2702 oue
125 2651 218 2708 Sideri,
239 2651 348 2703 mutiero
361 2665 406 2701 eus
417 2650 577 2700 Sidwesten.
629 2653 747 2700 mutaret
770 2652 818 2699 und
842 2651 909 2700 ener·
926 2651 967 2700 bei
985 2651 1140 2701 demseiben.

103 2717 211 2768 tumidis
229 2719 305 2768 durch
324 2718 378 2768 ihre
395 2716 576 2777 i'euchtigkeit.
664 2719 703 2767 13.
721 2721 860 2766 manantes
872 2733 896 2766 u.
906 2732 927 2766 s.
937 2733 971 2767 w.
990 2716 1142 2768 Doslnnere

66 2784 141 2848 Virg·
161 2784 254 2848 (ἔθους.
274 2784 367 2837 itaut
391 2772 461 2835 Vere
478 2788 580 2833 tument
629 2785 676 2834 ier
699 2782 796 2833 Sciiiffe
832 2783 903 2833 tricst
934 2799 980 2833 aus
1009 2783 1141 2834 zweieriei

66 2857 163 2904 tarrae
207 2854 284 2904 Diese
311 2853 360 2902 uni
392 2852 432 2903 die
460 2852 578 2901 aichstcn
629 2851 762 2908 Grundeu,
789 2850 880 2901 cinniel
897 2851 974 2901 durch
993 2851 1034 2900 die
1053 2850 1142 2904 Seiten

64 2919 183 2971 Abiotive
211 2920 267 2970 sinti
293 2919 425 2976 ebroinum
451 2921 577 2969 immense
629 2918 763 2974 hindurch,
801 2918 883 2968 indens
910 2919 951 2969 die
978 2919 1061 2982 [iopen
1092 2920 1143 2972 der

64 2989 178 3037 nubium
195 2992 285 3038 tractu
302 2986 393 3038 driciit
410 2987 450 3037 dia
467 2984 577 3036 Ursache
628 2986 731 3038 Winde
750 2985 928 3048 nachgeiassen
948 2988 1032 3036 hatten
1053 2987 1157 3051 (vira.

23 3092 26 3096 .
65 3068 126 3104 aus:
143 3057 206 3119 Jene
223 3055 279 3104 sind
290 3055 337 3104 ruit
350 3053 415 3111 uei’,
436 3054 521 3104 dieser
531 3054 577 3104 anit
627 3054 790 3105 sentiat
814 3054 885 3104 tanis
909 3055 1022 3105 laterum
1040 3071 1141 3122 eonpa-

67 3122 162 3172 ‘numu'
180 3139 211 3172 zu
225 3122 383 3173 ibersetzen.
412 3120 464 3171 Das
477 3122 576 3172 feuchte
625 3123 811 3186 guenemari
826 3122 973 3187 Accipiunt
997 3124 1139 3174 inimicum

64 3187 136 3238 Leni
155 3190 204 3239 und
223 3189 264 3239 die
282 3188 370 3240 ulisse
393 3187 478 3239 hiiden
496 3189 575 3238 durch
627 3190 736 3241 imbrem
753 3191 880 3254 rimasque
896 3190 1045 3254 faiismeut),
1071 3192 1139 3242 daun

63 3256 119 3307 ihre
137 3257 316 3319 Ausiinstung
339 3257 482 3316 ungebeore
500 3255 576 3307 Wel·
627 3255 1025 3308 indenidasWasserriberBord
1039 3259 1134 3320 scilug.

62 3323 120 3382 keu,
142 3323 213 3380 dicae
231 3324 311 3386 geben
329 3321 490 3373 dernWinds
505 3323 575 3374 aeine
658 3318 708 3381 24.
729 3326 767 3374 15.
780 3323 954 3389 Beiproeetat
967 3325 1140 3375 undeneeeait

63 3389 167 3441 Stirke.
212 3390 270 3441 Seu.
286 3397 393 3456 vquaest.
423 3398 475 3440 nat.
496 3390 526 3440 V.
543 3393 573 3443 t:
626 3390 659 3440 ist
683 3392 728 3441 des
746 3390 935 3442 Uehertroffene
961 3392 1134 3454 ausgeiassen,

62 3456 137 3521 Quid
152 3461 236 3522 ergo?
253 3459 323 3508 itanc
339 3457 424 3507 seman
442 3472 496 3506 esee
512 3467 576 3506 oeu-
625 3457 685 3507 weil
703 3473 731 3506 es
748 3458 801 3508 sicii
819 3457 895 3509 leicht
907 3474 952 3508 eris
966 3460 1022 3509 dein
1033 3458 1138 3508 Zusnni·

60 3527 205 3575 renuenti
214 3527 359 3587 subtimes,
377 3537 510 3589 aquarum
523 3529 575 3573 ier·
626 3526 748 3584 iueuhang
770 3525 867 3587 ergibt;
897 3525 959 3576 aliie
983 3528 1062 3576 terris
1086 3525 1139 3574 nuti

60 3607 210 3656 rarumque
225 3593 446 3656 cooperationes?
471 3589 517 3640 Ea>
533 3591 575 3641 1ιὰ
626 3593 695 3644 alias
712 3591 807 3642 eladae.
842 3591 873 3643 11.
887 3595 919 3644 73
937 3597 1067 3657 quantum
1085 3590 1141 3640 ole-

58 3661 224 3723 graoitatem
233 3658 383 3721 eiiiefieri,
401 3656 575 3708 deindcsolui
624 3661 732 3722 manua,
750 3656 933 3723 temperantia,
952 3661 1045 3708 eeten'e
1060 3659 1137 3707 bonis

60 3727 170 3791 inpetu,
189 3740 329 3790 eumquoe
340 3725 422 3776 densa
436 3729 573 3788 steterant,
625 3728 728 3777 aruum
749 3728 931 3791 praesuunt.
972 3725 1005 3776 33
1024 3727 1138 3775 aceede

59 3797 92 3842 ut
108 3797 271 3855 minema,
289 3796 434 3842 wienunto
448 3794 573 3842 nitantur·
623 3792 733 3844 Fronto.
803 3821 808 3827 ·

59 3861 90 3909 in
108 3859 268 3925 ampliorem
291 3858 395 3909 iocum?
425 3857 485 3923 Ego
509 3874 570 3930 uere
659 3861 698 3912 16.
708 3862 749 3911 ito
758 3865 833 3911 vasto
843 3864 869 3910 et
873 3856 1023 3925 profundo.
1040 3858 1137 3911 Hieran
