2550 4350
103 279 184 337 sos.
195 276 236 339 e)
288 273 329 325 ae
347 273 499 329 excessu
515 272 585 328 mur
603 270 743 359 auousrr
760 274 819 328 xv.
836 246 929 329 1213.
950 280 990 330 14.
1094 266 1166 349 Ι163

111 430 254 492 incedens
289 448 375 509 qoam
408 448 472 492 mos
499 429 640 504 Parthis,
660 430 687 492 si
720 449 755 493 ea
786 431 954 505 temeritate
984 431 1101 493 hostem
1132 433 1164 495 in

111 514 259 594 proelium
282 514 413 577 eliceret.
440 515 478 577 At
499 513 542 576 illi
565 516 611 576 vix
634 515 838 581 contuberniis
860 515 984 588 extrahi,
1007 533 1063 577 nec
1084 515 1165 578 aliud

111 616 200 678 quam
232 598 678 690 munimentapropngnabant,
711 620 781 681 pars
809 601 899 677 iussu,
922 600 1016 673 ducis,
1052 608 1082 661 et
1111 601 1162 661 alii

109 683 232 763 propria
261 683 385 762 ignavia,
413 694 446 746 ut
467 685 664 747 Corbulonem
695 686 896 766 opperientes,
925 684 965 747 ac'
988 684 1032 746 ris
1061 685 1088 746 si
1116 685 1164 745 in-

74 777 238 845 .5grueret,
258 768 387 849 prouisis
410 768 553 848 exemplis
575 768 668 832 Caudi
691 778 721 832 et
741 770 924 832 Numantiae.
968 769 1071 849 Neque
1093 787 1164 831 ean-

109 852 177 915 dem
197 853 257 917 vinu
279 853 471 927 Samnitibus,
493 854 596 917 Italico
619 854 742 934 populo,
763 863 796 916 nt
809 854 937 929 Parthis,
957 853 1084 916 Romani
1106 854 1170 915 im··

106 937 183 1016 perii
218 938 353 1000 aemulis.
396 937 529 1000 Validam
565 957 683 1019 quoque
712 950 742 1001 et
768 938 915 1004 laudatam
944 938 1160 1019 antiquitatem,
1199 960 1201 965 ‘

108 1021 245 1100 quotiens
268 1023 384 1084 fortuna
406 1023 624 1098 contraderet,
647 1023 735 1087 saluti
754 1023 951 1089 consuluisse.
976 1023 1039 1097 Qua
1055 1023 1162 1103 despe·
1192 1053 1194 1057 ·

106 1105 223 1168 ratione
245 1108 390 1168 exercitus
413 1107 473 1168 dux
493 1108 635 1170 subactus
657 1107 770 1188 primas
792 1120 892 1170 tamen
913 1109 1028 1171 litteras
1050 1108 1088 1169 ad
1104 1108 1160 1169 Vo-
1191 1101 1196 1108 ’

65 1200 97 1249 10
107 1189 231 1266 logesen
259 1210 319 1252 non
335 1189 499 1270 ,supplices
528 1191 581 1254 sed
610 1192 642 1253 in
663 1192 787 1254 modum
806 1193 958 1272 querentis
980 1192 1159 1271 composuit,

106 1274 184 1353 qood
213 1293 268 1354 pro
289 1275 438 1337 Armeniis
467 1294 587 1355 semper
607 1276 759 1338 Romanae
788 1277 915 1339 dicionis
943 1285 993 1339 aut
1015 1277 1159 1341 subiectis

103 1359 177 1436 regi,
201 1377 288 1438 quem
311 1360 474 1439 imperator
495 1359 666 1439 delegisset,
694 1360 816 1423 hostilia
839 1362 966 1423 laceret:
986 1379 1099 1440 =paoem
1122 1381 1158 1423 ex

105 1461 200 1523 aequo
228 1443 348 1518 utilem,
377 1462 414 1505 ne
442 1445 611 1523 praesentia
640 1455 754 1508 tantum
781 1453 939 1525 spectaret.
982 1446 1084 1526 Ipsum
1106 1447 1158 1508 ad·
1260 1511 1262 1516 ,

104 1547 206 1591 versus
234 1529 307 1590 duas
335 1529 470 1607 legiones
499 1530 568 1590 totis
597 1531 681 1607 regni
704 1530 814 1592 viribus
837 1530 1009 1592 advenisse:
1029 1530 1076 1592 'ed
1097 1531 1156 1593 Ro·
1252 1579 1255 1583 .

54 1623 94 1672 .15
104 1613 201 1674 manis
230 1613 332 1676 orbem
361 1626 504 1675 terrarum
526 1613 684 1692 reliquum,
714 1633 772 1694 quo
794 1613 904 1681 bellum
926 1615 1071 1676 iuvarent.
1114 1616 1158 1676 Ad
1171 1619 1209 1680 14

103 1716 138 1757 ea
159 1697 320 1775 Vologeses
347 1697 423 1758 nihil
451 1716 506 1776 pro
539 1715 637 1769 causa,
667 1697 720 1759 sed
743 1697 944 1776 opperiendos
967 1696 1026 1758 sibi
1049 1699 1155 1759 tratres

103 1781 248 1843 Pacorum
282 1801 317 1844 ac
345 1781 498 1844 Tiridaten
526 1781 698 1856 rescribsit3
731 1781 814 1843 illum
847 1783 945 1842 locum
979 1791 1156 1860 tempusque

103 1865 230 1928 consilio
260 1866 439 1929 destinatum
468 1865 540 1947 quid
569 1866 605 1927 de
632 1866 772 1928 Armenia
804 1875 977 1940 cernerent3
1008 1865 1156 1928 adiecisse
1261 1930 1266 1938 ,

100 1950 173 2015 deos
201 1951 322 2029 dignum
342 1951 567 2014 Arsacidarum:
598 1951 686 2014 simul
714 1962 743 2012 et
760 1951 802 2036 ¹de
824 1950 993 2029 legionibus
1014 1950 1155 2013 Romanis

51 2044 276 2113 conponerent.
319 2036 404 2098 llissi
433 2046 503 2117 post
531 2056 547 2098 a
574 2036 666 2098 Paeto
695 2036 791 2098 nuntii
820 2047 851 2096 et
870 2036 950 2113 regis
974 2035 1157 2114 colloquium

101 2119 237 2199 petitum,
261 2121 311 2200 qui
333 2122 476 2194 Vasaoun,
498 2123 682 2200 praetectum
705 2120 864 2201 equitatus,
887 2119 931 2182 ire
953 2119 1051 2182 iussit.
1079 2121 1155 2182 Tum

96 2203 211 2267 Paetus
238 2205 378 2268 Lucullos
406 2206 568 2286 Pompeios
596 2216 626 2269 et
652 2206 679 2268 si
714 2225 770 2286 qua
799 2205 940 2268 Caesares
974 2205 1154 2285 optinendae

131 2356 290 2409 beretrudi.
326 2355 372 2407 Die
386 2356 447 2407 llds.
460 2359 600 2421 retractis
651 2357 713 2409 nach
747 2356 851 2408 dlterem
886 2356 936 2407 uod
972 2355 1155 2407 dichterischeo

97 2421 159 2473 uber
183 2422 227 2471 das
245 2422 347 2474 Perlect
371 2425 437 2474 steht
460 2426 599 2491 unpassend
651 2425 880 2491 Sprachgebrauch.
902 2424 1008 2491 Senep.
1022 2427 1054 2477 68
1072 2423 1156 2488 Quae·
1187 2436 1188 2441 ’

52 2507 55 2516 =
95 2503 145 2537 von
162 2489 341 2539 wiederholter
358 2490 496 2553 llaodluog.
650 2492 712 2543 dam
727 2494 861 2560 simplicio
877 2495 907 2542 iu
924 2507 975 2542 usu
986 2497 1070 2556 eruut,
1087 2495 1158 2542 siout

130 2557 155 2606 6.
176 2554 269 2606 Italico
283 2557 392 2622 populo.
427 2556 488 2608 Dies
513 2565 600 2608 setzen
651 2575 758 2610 cunero
775 2561 849 2622 ferro
867 2563 938 2610 iuter
954 2559 1154 2610 ordinabantur.

96 2621 134 2672 sie
153 2621 233 2679 himo,
262 2638 302 2672 um
319 2624 395 2674 sehon
413 2623 524 2674 dadurch
542 2625 600 2675 dass
650 2626 723 2676 Idem
741 2626 878 2692 Vergittm
901 2627 950 2675 boo
965 2627 1091 2690 probabit
1108 2627 1157 2675 tibi

94 2690 137 2740 die
157 2688 282 2739 Samniter
309 2706 356 2740 nur
373 2691 445 2741 einen
463 2689 535 2741 'llett
552 2690 601 2741 lta·
650 2693 724 2754 theo.
742 2692 800 2743 Xll.
821 2695 895 2755 rust:
915 2690 1035 2755 lamis
1050 2694 1155 2756 genitor

92 2756 298 2816 liensbesassen,
319 2757 373 2807 ihre
384 2757 602 2822 Geriogldgigkeit
651 2759 761 2808 diuersis
780 2759 904 2824 partibus
930 2752 1002 2808 orbais
1029 2756 1103 2811 Inter
1128 2775 1156 2809 re

94 2841 127 2876 zu
144 2824 304 2876 bezeichnen.
325 2825 368 2876 Sie
385 2841 521 2889 vergessen
539 2826 601 2877 abor
650 2827 744 2877 cribro
756 2828 861 2877 vireret
872 2839 980 2874 cernere
988 2825 1070 2886 ferro.
1078 2824 1156 2889 Quod

92 2893 176 2952 dabei,
198 2893 256 2946 dass
275 2896 336 2946 anch
351 2895 391 2945 die
402 2894 495 2946 llbmcr
506 2893 601 2951 dmuals
649 2908 721 2944 uuna
734 2893 873 2944 decernere
884 2891 1010 2943 dicimur:
1027 2894 1155 2959 simplicis
1195 2951 1199 2968 ι

92 2978 141 3013 our
159 2962 231 3012 einen
249 2960 322 3014 Theil
339 2961 441 3016 ltalieos
469 2962 596 3014 besassen.
649 2963 723 3013 illius
741 2963 815 3012 uerbi
830 2975 893 3010 usus
911 2962 1022 3011 amhuu
1041 2966 1085 3012 ost.
1121 2982 1125 2995 =

49 3078 50 3083 ,
92 3028 313 3082 DieNumaotiner
330 3032 466 3083 erwdhoeo
484 3031 521 3083 sie
543 3031 599 3082 hier
655 3028 658 3039 '
685 3033 725 3083 19.
749 3028 949 3081 Arsacidarum.
983 3028 1036 3079 Der
1054 3028 1154 3080 Genitiv

91 3098 173 3156 nicht,
211 3100 243 3151 da
276 3100 330 3151 ihre
365 3098 598 3152 Unbedentendheit
647 3097 689 3149 hei
713 3097 811 3163 diguus
836 3095 956 3147 ebenlalls
981 3098 1042 3148 nach
1061 3097 1155 3149 dichte-
1188 3151 1198 3174 Ι

90 3165 338 3220 selbstverstdodlich
357 3169 399 3220 ist.
645 3166 753 3218 rischem
771 3165 999 3233 Sprachgebruuch.
1037 3164 1089 3216 Der
1106 3166 1153 3217 lol-

127 3235 167 3285 rt.
190 3250 244 3299 pro
265 3236 406 3301 Amarda,
430 3253 461 3287 zu
484 3235 595 3288 Gnosten
646 3235 726 3299 gende
738 3234 797 3285 Sata
815 3235 892 3297 ltingt
908 3234 975 3284 nicht
991 3250 1039 3284 von
1058 3235 1152 3286 diesem

89 3299 139 3351 ‹lcr
155 3302 295 3352 Armeoier.
330 3303 401 3354 lleon
423 3303 491 3355 diese
509 3319 596 3356 waren
647 3303 686 3360 ab,
712 3303 820 3353 sordere
844 3301 891 3351 der
914 3301 1063 3366 conjunctis
1086 3304 1153 3353 steht

91 3365 189 3417 nemus
212 3369 259 3418 ant
273 3368 341 3420 Seite
358 3371 405 3420 der
421 3369 536 3423 Parthae.
566 3371 592 3423 S.
647 3371 688 3421 ldr
705 3370 752 3420 den
765 3368 899 3436 imper-otiu
908 3371 954 3420 der
962 3369 1151 3420 directenRede
1223 3406 1225 3412 >

89 3447 114 3483 o.
137 3435 178 3484 15.
645 3437 793 3499 (adicimus
810 3436 921 3502 dignum
943 3436 1152 3489 Arsacidarum

127 3501 167 3552 12.
187 3515 222 3550 erc
238 3515 330 3566 aequm,
347 3500 428 3564 gleieh
446 3503 492 3552 aul
505 3503 595 3554 beiden
643 3503 726 3554 Amul
753 3509 780 3554 et
801 3503 833 3555 da
856 3505 1004 3570 legionibus
1025 3501 1151 3554 nomano

91 3567 192 3627 Seiteo,
221 3568 317 3620 sowohl
339 3570 387 3620 deo
410 3569 533 3625 Purtbern
556 3570 594 3623 uls
641 3573 774 3635 statuite).
808 3572 928 3637 Dignum
948 3577 1036 3620 ‘etwas
1044 3559 1150 3621 Wdrdi-

89 3635 139 3687 deo
157 3634 274 3686 lldmero.
644 3637 695 3702 ges'
712 3639 762 3700 wie
772 3641 837 3692 cdd
855 3641 929 3691 triste
942 3637 1147 3703 undprooidum.

127 3705 167 3757 14.
187 3704 224 3754 ad
239 3704 281 3755 hir
298 3709 333 3755 at
677 3708 718 3759 22.
744 3705 873 3759 Lucullus
889 3705 1002 3766 besiegto
1021 3707 1052 3756 69
1071 3720 1095 3755 ιι.
1115 3708 1148 3759 68

123 3766 595 3838 14.1r.dtamtooom,woerjent
641 3789 667 3824 u.
689 3775 733 3826 Ch.
763 3775 809 3827 den
835 3773 917 3836 Kdnig
943 3787 991 3821 von
1014 3772 1149 3823 Armenion

86 3837 137 3893 udi·
643 3839 775 3906 Tigranes.
794 3843 931 3906 Pompeius
949 3854 1039 3903 zwaog
1056 3839 1097 3890 ibn
1115 3843 1148 3895 66

126 3908 165 3961 18.
195 3911 334 3967 cuuueut
358 3907 598 3969 lurdeouuereut'
642 3925 667 3966 v.
689 3910 734 3962 Ch.
755 3925 802 3963 zur
819 3907 1014 3975 Unterweriung
1031 3907 1081 3975 und
1098 3910 1147 3979 gab

893 3991 951 4051 ‘lli‘
1043 4025 1047 4033 ‚
