2550 4350
150 282 209 345 184
361 365 365 373 ,
470 160 713 342 *aarum
730 285 843 338 raeiri
1103 258 1228 352 (auae

149 447 227 509 corni
250 461 390 507 sermone
414 454 444 506 et
466 459 641 519 congressu.
679 441 810 502 Aderant
833 439 923 501 etiam
945 439 1089 513 fortuita,
1118 458 1226 521 corpus

149 548 317 611 procerum,
349 528 458 588 decora
489 527 592 587 iacies.
639 525 698 587 Sed
726 524 831 603 procul
861 523 990 601 gravitas
1023 542 1153 585 morum
1184 536 1226 586 aut

147 616 332 694 voluptatum
349 610 550 690 parsimonia:
567 609 682 670 lenitati
700 628 734 669 ac
749 607 993 685 magnificentiae
1011 619 1045 669 et
1061 609 1225 689 aliquando

53 682 56 695 ⁴
149 699 219 760 luxu
240 696 423 773 indulgebat.
451 696 546 773 quue
567 694 704 776 pluribup
727 692 919 775 probabatur,
943 691 995 770 qui
1019 692 1054 752 in
1080 702 1168 756 tanta
1189 695 1226 755 vi-

150 784 260 845 tiorum
293 779 451 841 dulcedine
485 797 633 839 summum
667 776 825 856 imperium
860 795 922 836 non
955 777 1142 839 restrictum
1175 788 1244 839 nect

97 872 138 933 49
150 883 343 947 perseverum
364 862 477 923 volunt.
515 864 636 925 Initium
659 861 860 922 coniurationi
883 878 944 921 non
968 879 985 920 a
1008 862 1163 940 cupidine
1184 864 1225 941 ip-

152 953 215 1013 sius
237 950 309 1021 luit3
333 967 388 1008 nec
411 957 509 1009 tamen
534 946 621 1007 lacile
644 945 872 1007 memoraverim
888 945 956 1023 quis
973 945 1097 1023 primus
1116 956 1221 1017 auctor,

152 1037 237 1098 cuius
267 1032 411 1094 instinctu
442 1031 592 1092 concitum
620 1031 661 1090 sit
690 1032 770 1109 quod
805 1037 864 1090 tam
895 1028 981 1089 multi
1016 1041 1223 1110 sumpserunt.

150 1117 398 1197 Promptissimos
420 1116 561 1177 Subrium
585 1115 715 1185 Flavum,
746 1114 897 1174 tribunum
920 1115 1096 1192 praetoriae
1122 1117 1222 1177 cohor-

155 1204 206 1275 tis,
238 1210 267 1262 et
295 1200 461 1278 Sulpicium
489 1201 618 1277 Asprum
647 1199 851 1259 centurionem
883 1197 1021 1259 extitisse
1054 1200 1271 1285 constantiana¹

153 1288 249 1347 exitus
279 1283 390 1344 docuit.
436 1283 474 1341 Et
501 1283 640 1343 Lucanus
669 1286 807 1342 Annaeus
837 1281 1035 1360 Plautiusque
1057 1283 1223 1346 Lateranus
1269 1296 1271 1305 ·

154 1369 250 1428 vivida
273 1367 342 1425 odia
365 1364 502 1425 intulere.
531 1366 683 1426 Lucanum
707 1365 849 1443 propriae
873 1385 981 1427 causae
1005 1369 1223 1439 accendebant,
1263 1380 1271 1393 ’·

153 1450 231 1529 quod
263 1449 370 1509 lamam
399 1448 563 1509 carminum
594 1449 658 1508 eius
688 1448 845 1528 premebat
865 1449 944 1512 Nero
965 1451 1225 1532 prohibueratque
1269 1471 1271 1476 ·

98 1526 101 1531 ’
133 1542 312 1604 ostentare,
335 1551 429 1593 vanus
452 1532 666 1595 aemulatione:
689 1535 878 1606 Lateranum,
902 1535 1062 1595 consulem
1087 1537 1224 1614 designa·

153 1628 224 1691 tum,
248 1616 328 1677 nulla
350 1616 461 1678 iniuria
485 1618 537 1678 sed
561 1619 710 1679 amorrei
734 1617 872 1703 publicae
891 1618 1027 1679 sociavit.
1054 1623 1094 1681 At
1109 1621 1253 1682 Flaviusb

152 1701 315 1764 Scaevinus
338 1710 367 1762 et
389 1702 528 1763 Afranius
553 1702 742 1775 Quintianus,
777 1710 903 1781 uterque
926 1703 1074 1763 senatorii
1099 1705 1222 1777 ordinis,
1250 1747 1254 1754 -

154 1794 258 1848 contra
293 1786 400 1846 lamam
437 1787 483 1846 sui
518 1787 699 1866 principium
735 1787 808 1846 tanti
841 1786 985 1847 facinoris
1020 1789 1223 1866 capessivere.

153 1872 229 1932 Nam
251 1870 396 1931 Scaevino
430 1870 578 1931 dissoluta
608 1872 677 1931 luxu
705 1889 789 1931 mens
818 1877 848 1931 et
876 1870 1004 1948 proinde
1032 1873 1097 1934 vita
1119 1891 1222 1933 somno

153 1953 309 2031 languida:
342 1954 520 2025 Quintianus
549 1955 675 2015 mollitia
706 1955 842 2033 corporis
866 1954 987 2014 infamis
1011 1964 1042 2017 et
1066 1976 1083 2017 a
1107 1957 1223 2020 Nerone

103 2043 143 2103 50
155 2039 302 2119 probroso
333 2038 463 2099 carmine
493 2036 663 2099 diffamatus
694 2038 890 2100 contumelias
912 2039 1005 2099 ultum
1027 2039 1104 2101 ibat.
1149 2042 1252 2119 Ergott

155 2125 225 2184 dum
248 2123 361 2182 scelera
383 2122 541 2201 principis,
566 2132 595 2182 et
616 2124 705 2184 finem
729 2123 836 2183 adesse
851 2123 990 2201 imperio,
1015 2124 1223 2203 deligendum-

155 2225 213 2285 que
242 2207 292 2284 qui
322 2206 412 2266 fessis
435 2206 524 2267 rebus
549 2216 746 2278 succurreret,
776 2207 855 2266 inter
877 2225 910 2267 se
934 2214 984 2268 aut
1006 2207 1091 2271 inter
1113 2211 1222 2271 amicos

154 2290 276 2360 iaciunt,
308 2289 505 2367 adgregavere
535 2290 690 2349 Claudium
714 2290 923 2365 Senecionem,
954 2291 1132 2354 Cervarium
1155 2296 1224 2356 Pro-

155 2371 466 2442 culumeulcatium
493 2373 663 2445 Araricum,
692 2362 799 2457 lulihm
828 2374 1029 2450 Augurinum,
1059 2378 1220 2440 Munatium

156 2454 285 2526 Gratum,
315 2455 478 2515 Antonium
506 2455 649 2530 Natalem,
679 2457 822 2518 Marcium
851 2460 982 2532 Festum,
1012 2463 1137 2541 equites
1165 2462 1253 2522 Rom

155 2556 277 2612 manos3
302 2556 338 2598 er
361 2538 468 2618 quibus
492 2538 630 2613 Senecio,
654 2541 847 2622 epraecipua
865 2543 1071 2607 familiaritate
1087 2547 1223 2619 Neronis,

157 2622 288 2702 speciem
320 2622 470 2695 amicitiae
497 2624 587 2686 etiam
616 2634 679 2687 tum
700 2628 836 2688 retinens
860 2647 895 2688 eo
918 2628 1057 2708 pluribus
1081 2631 1222 2710 periculis

157 2706 394 2769 conflictabatur.
410 2708 524 2769 Natalis
540 2709 691 2789 particeps
708 2712 743 2772 ad
760 2731 849 2773 omne
864 2723 1013 2773 secretum
1030 2715 1138 2777 Pisoni
1154 2725 1222 2792 erat.

128 2819 131 2829 ·
156 2791 271 2853 Ceteris
294 2810 364 2869 spes
388 2811 424 2852 ex
445 2795 531 2854 novis
555 2795 645 2855 rebus
668 2795 835 2873 petebatur.
875 2795 1015 2858 Adscitae
1039 2808 1113 2861 suut
1134 2817 1223 2878 super

156 2875 299 2937 Subrium
327 2887 357 2937 et
380 2877 555 2955 Sulpicium,
590 2879 626 2938 de
662 2878 769 2955 quibus
798 2880 909 2952 rettuli,
943 2882 1091 2944 militares
1121 2891 1254 2944 manusco

158 2960 266 3020 Gavius
290 2960 427 3021 Silvanus
451 2970 480 3022 et
503 2962 615 3023 Statius
632 2963 798 3038 Proximus,
822 2965 932 3025 tribuni
950 2966 1123 3030 cohortium
1138 2987 1222 3047 prae-

157 3043 309 3115 toriarum,
338 3045 483 3104 Maximus
513 3047 643 3105 Scaurus
671 3057 701 3106 et
722 3049 851 3109 Venetus
881 3049 991 3109 Paulus
1022 3053 1224 3113 centuriones.

157 3126 217 3186 Sed
250 3143 398 3184 summum
431 3126 523 3186 robur
555 3129 585 3187 in
619 3129 730 3192 Faenio
759 3133 836 3191 Rufo
869 3134 1023 3210 praelecto
1057 3128 1222 3208 videbatur,

187 3291 212 3338 4.
228 3288 355 3353 pluribus
376 3288 429 3338 ‘der
446 3289 588 3353 Mehrzabl',
610 3295 660 3346 wie
712 3295 1226 3365 Suetvitbuc.aegrefmsnsreeilonte

73 3408 78 3423 ‚
152 3354 173 3405 l.
194 3356 235 3406 32.
255 3354 325 3407 XlV.
346 3357 388 3406 27.
711 3363 837 3413 seraone
852 3368 1228 3439 ucnullanisirefmgerundi

188 3418 240 3480 49.
261 3426 299 3474 11.
320 3423 446 3475 Lucanus
463 3428 598 3493 Annaeus,
617 3430 662 3480 der
711 3431 755 3477 sui
772 3445 853 3482 causa
870 3434 972 3485 indicto
990 3441 1228 3500 senutull'eronem

154 3490 257 3542 Dichter
275 3491 321 3541 der
329 3491 469 3544 Pharsalia.
491 3497 661 3548 UeberPlau-
712 3501 853 3550 recessura.
880 3502 1063 3555 Uebertrieben
1075 3511 1176 3561 scheiut
1188 3513 1227 3562 dio

154 3561 206 3608 tius
223 3558 374 3610 Lateranus
391 3578 423 3611 zu
440 3562 485 3613 Xl.
499 3566 548 3615 ’36.
711 3564 816 3628 Angube
835 3568 879 3620 des
892 3571 1014 3637 Anonym.
1028 3575 1215 3630 u.DiosLXll.

188 3629 228 3678 14.
249 3643 334 3678 cancor
351 3631 528 3680 aemulatione
547 3627 663 3679 ‘tidricht
713 3633 745 3684 29
764 3634 813 3683 ihm
837 3637 874 3685 sei
893 3638 938 3686 das
956 3638 1063 3690 Diobtcn
1082 3653 1228 3710 untersagt:

154 3707 199 3743 ans
217 3694 377 3746 Eilersucht'.
398 3696 471 3758 Weil
486 3697 600 3745 Lucanus
618 3697 661 3746 ibn
749 3703 787 3753 19.
807 3704 1062 3772 mellilicoorporrlr,
1081 3713 1134 3762 wie
1145 3713 1191 3764 Xl.
1202 3719 1225 3768 2.

153 3759 191 3810 als
214 3762 319 3813 Dichter
341 3764 468 3820 ribertrat,
505 3763 606 3824 glaubtc
632 3780 661 3815 er
746 3765 799 3823 50.
809 3771 849 3820 23.
861 3769 1068 3826 ClaudicmSen'„
1078 3778 1227 3835 s.xt11.ra.

152 3828 239 3878 seinen
257 3830 337 3879 lluhm
358 3831 436 3880 durch
453 3829 585 3879 kleinlicbe
604 3830 661 3882 Chi·
746 3837 786 3885 33.
806 3835 907 3887 Faenio
925 3838 1002 3900 Haase.
1024 3842 1049 3892 S.
1060 3845 1172 3899 qulll.
1184 3853 1226 3903 22.

152 3892 235 3944 banea
269 3898 453 3947 unterdrdclren
488 3912 519 3946 zu
552 3898 658 3951 idonea.
712 3900 794 3952 Ueber
815 3901 963 3968 Tigellinus
980 3925 1012 3958 zu
1029 3909 1101 3964 XIV·
1124 3918 1168 3970 48.
