2550 4350
92 289 218 352 curan
283 286 324 337 tn
343 285 495 338 excussu
513 286 582 338 ntvr
600 287 742 339 tucnsrt
758 287 828 341 xtv.
845 293 994 344 sessor.
1105 286 1165 349 149
1270 351 1273 362 ,

105 445 161 506 tibi
184 440 280 503 valida
304 449 386 502 aetas
408 441 560 520 rebusque·
581 453 612 503 et
633 443 741 503 fructui
762 463 862 514 rerum
878 445 1043 519 sufficiens,
1067 455 1097 508 et
1112 468 1166 512 nos

104 530 202 607 prima
225 525 335 604 inperii
357 526 454 604 spatio
476 527 670 603 ingredimur.
709 527 798 602 Quin,
832 529 857 589 si
882 548 949 608 qua,
963 530 994 590 in
1016 542 1102 608 parte
1123 532 1168 592 lu·

103 613 220 673 bricum
249 609 471 671 adolescentiae
500 618 622 671 nostrae
651 611 791 684 declinat,
824 606 1168 693 revocas'ornatumque

101 696 194 757 robur
217 693 352 755 subsidio
375 694 532 772 inpensius
555 694 658 771 regis?
685 695 752 755 Non
775 707 825 757 tuo
848 697 1023 770 moderatio,
1047 698 1074 758 si
1097 699 1165 759 red-

77 780 219 842 5dideris
249 778 419 856 pecuniam,
454 797 510 838 nec
539 779 633 857 quies,
666 779 692 838 si
721 780 879 858 reliqueris
901 781 1079 860 principem,
1113 783 1167 844 sed

102 884 168 926 mea
193 862 324 934 avaritia,
348 880 433 922 meae
456 863 641 923 crudelitatis
663 875 760 925 metus
784 865 814 925 in
838 883 890 926 ore
912 866 1045 927 omnium
1068 884 1193 927 rema·-
1263 920 1268 932 ,

100 950 189 1010 bitur.
228 947 315 1018 Quod
338 946 364 1005 st
387 947 514 1006 maxime
537 947 721 1008 continentia
744 959 792 1009 tua
814 948 961 1022 laudetur,
984 969 1044 1011 non
1068 960 1168 1012 tamen

102 1032 233 1111 sapienti
258 1029 324 1090 uiro
355 1029 496 1090 decorum
526 1031 624 1104 luerit,
660 1031 740 1093 unde
768 1033 865 1094 amico
895 1032 1047 1094 inlamiam
1070 1044 1165 1114 paret,

103 1118 173 1177 iude
198 1114 331 1193 gloriam
345 1114 403 1174 sibi
428 1116 571 1193 recipere.
601 1116 654 1176 llis
677 1115 770 1177 adicit
792 1117 978 1195 complexum
1002 1127 1033 1179 et
1054 1119 1166 1192 oscula,

63 1213 93 1264 10
102 1203 199 1262 lactus
222 1207 326 1259 natura
350 1208 380 1258 et
402 1197 619 1261 consuetudine
642 1201 790 1261 exercitus
812 1201 910 1262 velare
934 1202 1035 1263 odium
1052 1203 1170 1263 fallaci·-

101 1287 158 1347 bus
187 1281 352 1344 blanditiis.
396 1283 522 1357 Seneca,
557 1284 607 1361 qui
636 1284 704 1343 finis
733 1285 868 1345 omnium
898 1304 965 1346 cum
994 1287 1167 1347 dominante

102 1386 284 1451 sermonum,
309 1373 407 1443 grates
430 1367 504 1442 agit3
539 1368 592 1427 sed
615 1367 751 1428 instituta
774 1369 886 1446 prioris
908 1371 1062 1448 potentiae
1084 1389 1167 1431 com-

101 1463 205 1524 mutat,
239 1449 380 1530 probibet
404 1462 506 1511 coetus
536 1450 738 1525 salutantium,
772 1453 845 1513 vitat
871 1455 1052 1528 comitantis,
1082 1471 1167 1516 rarus

101 1556 157 1617 per
184 1536 305 1606 urbem,
337 1534 423 1611 quasi
450 1535 620 1595 valetudine
648 1536 767 1596 infensa
796 1546 847 1597 aut
868 1539 1035 1617 sapientiae
1058 1539 1173 1600 studiis·

62 1621 191 1685 rodomi
207 1620 402 1681 adtineretur.

188 1703 331 1765 Perculso
355 1703 470 1762 Seneca
498 1709 669 1779 promptum
698 1701 754 1760 luit
776 1700 883 1760 linium
906 1702 1049 1763 Faenium
1078 1702 1219 1766 inmi-b'l

101 1808 195 1852 nuere
210 1786 391 1865 Agrippinae
414 1784 576 1845 amicitiam
599 1784 629 1843 in
653 1803 689 1844 eo
713 1783 949 1845 criminantibus.
976 1786 1166 1863 Validiorque

102 1877 134 1937 in
157 1873 222 1934 dies
239 1869 403 1948 Tigellinus
427 1878 456 1937 et
478 1868 571 1928 malas
594 1876 683 1938 artes,
707 1867 816 1945 quibus
838 1868 912 1928 solis
935 1868 1077 1946 pollebat,
1101 1886 1167 1945 gra-

102 1960 196 2020 tiores
212 1964 304 2025 ratus‚
322 1954 348 2013 si
362 1952 531 2032 principem
548 1952 693 2012 societate
710 1951 855 2013 scelerum
872 1952 1081 2029 obstringeret,
1105 1970 1167 2012 me-

62 2056 95 2108 20
107 2053 153 2105 tus
183 2042 248 2102 eius
278 2040 420 2108 rimatur3
454 2045 659 2115 coopertoque
682 2037 817 2096 Plautum
847 2045 877 2096 et
899 2020 1012 2096 Sullam
1039 2036 1167 2097 maxime

103 2126 213 2197 timeri,
242 2125 377 2184 Plautum
401 2122 431 2181 in
454 2122 565 2192 Asiam,
594 2121 706 2181 Sullam
737 2121 767 2180 in
792 2119 916 2180 Galliam
939 2120 1167 2181 Narbonensem

101 2230 200 2288 nuper
222 2218 347 2280 antotos,
370 2205 557 2267 nobilitatem
581 2224 684 2266 eorum
701 2213 731 2265 et
744 2205 932 2284 propinquos
948 2205 1018 2265 huic
1034 2203 1167 2265 Orientis

102 2296 145 2357 illi
170 2292 346 2355 Germaniae
380 2291 528 2352 exercitus
551 2300 776 2350 commemorat.
820 2289 886 2353 Non
910 2307 953 2363 se,
976 2297 1009 2349 ut
1030 2289 1166 2360 Bnrrum,

102 2381 236 2442 diversas
266 2395 346 2455 spes,
381 2375 435 2436 sed
465 2374 559 2435 solam
587 2375 824 2435 incolumitatem
852 2373 981 2435 Neronis
1012 2381 1167 2450 spectare3

60 2465 152 2528 nocui
181 2461 277 2523 caveri
305 2471 465 2534 utcumque
494 2457 530 2517 ab
567 2458 690 2519 urbanis
722 2458 843 2519 insidiis
877 2458 1029 2536 praesenti
1056 2474 1167 2537 opera:

103 2546 285 2622 longinquos
297 2549 396 2601 motus
407 2557 536 2617 quonam
549 2543 638 2607 modo
651 2544 807 2620 comprimi
821 2541 939 2619 posse?
961 2542 1084 2601 Erectus
1101 2538 1168 2599 Gal·
1259 2536 1264 2546 ’

102 2631 159 2691 lias
189 2628 225 2688 ad
253 2642 364 2686 nomen
386 2623 587 2696 dictatorium,
617 2643 673 2684 neo
694 2626 793 2703 minus
816 2641 983 2702 suspensos
1006 2623 1093 2681 Asiae
1115 2639 1170 2698 po-

99 2766 148 2815 deu
173 2758 241 2810 Nero
266 2758 329 2808 tiber
352 2754 422 2805 seine
447 2752 536 2804 Scbum
561 2755 613 2802 trd·
696 2755 737 2804 20.
758 2753 882 2803 Plautum
896 2751 1041 2802 etSullam.
1060 2751 1086 2801 S.
1100 2750 1169 2801 Xlll.

97 2842 155 2884 stou
189 2827 239 2878 und
272 2825 313 2874 die
339 2821 522 2884 Unriobtiglreit
555 2821 607 2878 der,
662 2823 693 2871 dl
714 2836 737 2869 u.
757 2818 827 2870 XlV.
848 2821 889 2870 22.

98 2914 174 2952 weun
203 2895 265 2946 auch
292 2891 330 2942 uls
358 2888 608 2947 uuwubrsobeinliob‚
656 2942 659 2951 ¹
680 2890 738 2954 24.
760 2887 877 2937 diomede
893 2901 960 2951 epea,
979 2884 1103 2935 indenter
1120 2884 1173 2934 sich

101 2977 312 3031 angenommeueu
340 2959 420 3021 llinge
451 2960 515 3016 torsi
540 2956 612 3018 forte
663 2954 775 3016 zugleiob
794 2952 835 3003 bei
853 2951 922 3003 Nero
940 2953 965 3003 in
984 2950 1066 3003 Guust
1084 2967 1115 3002 zu
1133 2968 1173 3002 er-

101 3055 124 3088 u.
146 3052 166 3085 s.
187 3038 233 3093 w.)
252 3028 380 3079 beweiseu
399 3024 456 3076 soll.
494 3024 529 3074 bis
549 3024 612 3074 lisst
663 3023 747 3072 holten
775 3022 825 3071 und
843 3037 871 3071 es
890 3021 953 3071 docb
970 3020 1038 3071 niclrt
1055 3019 1100 3070 mit
1117 3020 1173 3070 dem

98 3106 153 3155 sich
172 3103 217 3151 das
235 3098 384 3150 Versaiumte
411 3095 472 3143 nocb
491 3092 610 3144 reicblicb
661 3106 693 3141 ιιι
711 3090 852 3141 verderben
870 3089 965 3146 suobtc,
991 3089 1038 3139 der
1054 3096 1123 3139 elwa
1140 3102 1173 3138 nn

101 3170 225 3222 einboleu.
662 3159 732 3209 seine
751 3157 829 3208 Stelle
848 3164 930 3206 treten
948 3156 1049 3206 luinnte.
1070 3154 1174 3218 Tigelli-

135 3243 159 3290 4.
189 3233 313 3295 ειιὺιὶάίο,
338 3229 411 3282 ιιὲιιιιΙ.
442 3235 495 3292 tuo,
521 3229 612 3291 gebbrt
662 3242 708 3276 nus
726 3224 921 3283 rueiutbiermit,
943 3224 1002 3274 dass
1012 3224 1107 3274 Burrus
1120 3223 1174 3273 sicb

99 3323 133 3357 zu
151 3308 292 3353 amatam.-
314 3296 613 3348 *wadnostmetoettratt
663 3295 731 3344 niebt
748 3309 803 3343 zum
821 3291 1174 3354 bercitwilligenWerltzeug

104 3373 181 3422 durob
200 3368 289 3417 deinen
307 3364 432 3414 Rdclbalt
450 3364 541 3419 liudem
560 3363 613 3411 bin·
665 3361 759 3421 bergab
783 3360 823 3409 die
841 3360 979 3425 Agrippina
1000 3375 1032 3408 ιιι
1059 3358 1170 3407 mordeo.

103 3448 144 3489 ter
160 3435 256 3485 meiuer
265 3429 612 3495 jugendliebeollral'tdeinc
664 3427 734 3478 Xlll.
758 3427 819 3478 tert.
839 3426 910 3478 XIV.
931 3429 955 3477 l.

104 3504 218 3561 Einsicbt
228 3499 363 3561 gleichsam
373 3496 411 3545 als
420 3496 531 3545 lleserve
539 3497 614 3556 steht)
699 3497 740 3545 25.
752 3499 901 3559 comamque.
913 3494 939 3544 S.
952 3508 983 3542 zu
994 3489 1024 3539 ll.
1038 3491 1075 3539 14.
1096 3488 1174 3539 Proe-
1235 3529 1240 3539 .

102 3573 153 3624 und
166 3569 250 3620 lenlrst
263 3566 300 3614 sie
315 3561 461 3624 strengeri’
665 3577 723 3610 certe
748 3577 829 3626 opera
853 3562 888 3611 ist
907 3554 1091 3609 ‘uumittelbore
1108 3552 1175 3604 Thn-

139 3643 163 3692 6.
175 3651 234 3687 mea
249 3634 403 3690 avaritiam
414 3644 434 3679 s.
445 3645 488 3686 w..
507 3628 566 3679 dass
575 3628 613 3677 iob
665 3627 768 3691 arguett,
806 3629 847 3678 die
874 3627 962 3677 wedcr
990 3622 1067 3672 durch
1096 3623 1175 3672 linum

106 3695 616 3764 babsdcbtiggewesensei.dnssdumei-
666 3696 726 3746 oocb
752 3695 808 3747 Zeit
831 3696 856 3744 iu
880 3695 950 3743 ibrer
966 3689 1097 3751 Wirkuug
1120 3689 1175 3738 aul·

103 3792 137 3826 ne
156 3767 334 3824 Grausarnlreit
350 3765 492 3828 geliircbtet
509 3764 607 3813 babent.
667 3763 781 3825 gebalteu
800 3763 841 3812 ist.

140 3839 192 3897 57.
216 3841 253 3890 ll.
274 3836 444 3901 Agrippinae
462 3833 615 3882 amicitiam.
701 3833 742 3882 tr.
772 3843 868 3879 nomen
895 3825 1081 3886 dictatorium,
1108 3821 1133 3872 d.
1148 3822 1173 3873 b.

103 3912 132 3963 S.
152 3906 221 3960 Xlll.
242 3906 283 3956 21.
306 3904 357 3968 tt,
667 3898 728 3948 weil
751 3897 791 3946 ein
811 3893 880 3945 Sutto
897 3891 1013 3941 Dictator
1030 3904 1156 3954 geweren.
