2550 4350
164 267 225 330 144
267 248 271 257 ’
549 276 693 331 GottNEtd
710 276 822 331 Tbelt'l
882 301 885 312 ·
1088 278 1227 361 ‘putre

162 434 243 514 vulgi
263 450 428 506 sermones,
450 434 566 495 monuit
586 433 681 496 edicto
702 434 810 496 multos
833 432 1002 494 inlustrium
1015 431 1216 495 Romanorum

164 519 203 580 ob
230 537 293 579 rem
320 517 465 598 publicam
494 518 611 590 obisse,
644 519 790 581 neminem
818 527 877 580 tam
904 517 1036 596 flagranti
1069 516 1214 579 desiderio

163 604 351 665 celebratum.
378 603 467 682 ldque
489 612 520 665 et
540 603 597 665 sibi
619 613 647 665 et
668 605 781 665 cunctis
803 603 961 682 egregium,
975 604 1012 663 'si
1034 603 1140 664 modus
1161 601 1215 663 ad-

162 687 313 750 iceretur..
335 688 401 748 Non
422 689 499 749 enim
522 689 623 750 eadem
645 690 750 750 decora
771 688 953 768 principibus
976 687 1048 748 viris
1070 695 1101 749 et
1121 687 1216 766 impe·
1250 691 1255 701 '

160 773 252 835 ratori
273 773 383 852 populo
406 791 479 852 quae
501 773 624 835 modieis
647 773 783 835 domibus
806 780 855 834 aut
876 772 1052 834 civitatibus.
1098 772 1243 834 Conse-5

162 857 244 920 nisse
265 858 376 919 recenti
398 857 494 918 dolori
514 858 624 919 luctum
647 867 675 919 et
697 877 733 919 ex
751 876 886 919 maerore
907 857 1034 930 solacia3
1062 856 1115 917 sed
1135 857 1217 918 reie-

160 944 286 1005 rendum
308 942 365 1004 iam
387 943 514 1004 animum
537 944 573 1003 ad
594 943 812 1015 firmitudinem,
836 950 870 1003 ut
890 942 1038 1021 quondam
1059 942 1142 1003 divus
1163 942 1215 1002 lu·

161 1028 219 1090 lius
242 1028 351 1089 amissa
372 1027 456 1089 tunica
478 1028 550 1098 iilia,
579 1037 611 1107 ut
639 1028 722 1088 divus
745 1028 894 1107 Augustus
921 1027 1032 1106 ereptis
1059 1024 1219 1104 nepotibus

161 1113 357 1175 abstruserint
377 1112 534 1173 tristitiam.
568 1112 615 1172 Nil
638 1131 713 1191 opus
734 1112 945 1174 vetustioribus
967 1112 1119 1191 exemplis,
1142 1129 1219 1189 quo·

164 1199 238 1259 tiens
260 1197 388 1276 populus
410 1197 559 1258 Romanus
581 1197 678 1258 clades
701 1198 895 1269 exercituum,
927 1197 1078 1258 interitum
1099 1197 1256 1269 ducum‚tt

162 1282 293 1344 funditus
314 1282 438 1342 amissas
465 1281 579 1342 nobiles
608 1281 732 1343 familias
762 1291 930 1343 constanter
951 1282 1060 1343 tulerit.
1103 1281 1217 1341 Princi-

47 1366 52 1387 ¹
163 1386 216 1446 pes
238 1365 388 1440 mortales,
412 1384 474 1426 rem
496 1366 639 1445 publicam
662 1375 808 1427 aeternam
832 1386 908 1428 esse.
944 1366 1035 1427 Proin
1050 1375 1218 1444 repeterent

162 1450 331 1523 sollemnia,
355 1458 384 1511 et
404 1451 472 1529 quia
492 1451 628 1513 ludorum
649 1451 837 1530 Megalesium
867 1451 1065 1532 spectaculum
1087 1451 1216 1524 suberat,

164 1536 251 1597 etiam
272 1535 436 1614 voluptates
458 1543 655 1598 resumerent.
899 1532 904 1537 ’

133 1621 150 1681 7
247 1620 321 1680 Tum
344 1628 447 1681 exsuto
470 1620 582 1681 iustitio
605 1622 730 1683 reditum
754 1622 919 1694 ad'muniu,
944 1630 972 1682 et
986 1621 1097 1682 Drusus
1119 1619 1214 1698 Mlyri-
1228 1631 1257 1680 15

163 1724 214 1766 cos
236 1706 272 1766 ad
294 1706 438 1766 exercitus
460 1706 610 1785 proiectus
635 1716 689 1779 est,
712 1707 817 1768 erectis
834 1710 965 1768 omnium
984 1705 1087 1768 animis
1110 1711 1216 1784 peten-

163 1789 217 1852 dae
239 1809 255 1852 e
275 1790 385 1852 Pisone
406 1791 526 1852 ultionis
555 1801 584 1853 et
612 1792 715 1853 crebro
743 1800 848 1872 questu
876 1792 955 1870 quod
983 1810 1071 1870 vagus
1099 1789 1218 1852 iuterim

161 1894 216 1955 per
237 1894 359 1937 amoena
381 1877 467 1937 Asiae
490 1884 575 1955 atque
597 1877 721 1938 Acbaiae
749 1877 900 1955 adroganti
928 1887 957 1937 et
984 1875 1107 1937 subdola
1136 1895 1219 1937 mora

162 1961 307 2023 scelerum
321 1960 513 2041 probationes
537 1962 727 2023 subverteret.
760 1961 832 2021 Nam
847 1962 992 2039 uulgatum
1008 1969 1071 2021 erat
1085 1960 1217 2034 missam,

163 2054 197 2108 ut
224 2046 300 2120 dixi,
332 2065 347 2107 a
376 2046 428 2107 Cn.
451 2045 552 2107 Sentio
586 2048 728 2108 famosam
763 2046 910 2106 veneficiis
939 2046 1091 2105 Martinam
1121 2045 1258 2107 subitato

162 2139 258 2193 morte
285 2130 432 2192 Brundisii
460 2130 630 2202 extinctam,
665 2148 868 2208 venenumque
895 2129 974 2193 nodo
1002 2131 1127 2193 crinium
1153 2129 1213 2190 eius

164 2216 353 2285 occultatum,
382 2232 436 2274 nee
462 2216 520 2275 ulla
548 2215 578 2275 in
608 2233 732 2293 corpore
755 2215 837 2292 signa
859 2214 967 2292 sumpti
990 2215 1070 2276 exitii
1092 2221 1214 2293 reperta.

132 2301 198 2364 8dt
212 2300 282 2379 Piso
305 2299 469 2378 praemisso
492 2298 521 2358 in
543 2299 647 2359 urbem
669 2299 728 2358 filio
752 2299 882 2377 datisque
904 2300 1048 2361 mandatis
1069 2318 1122 2380 per
1141 2317 1216 2376 quae

192 2492 222 2555 θ.
257 2500 280 2550 3.
304 2497 397 2548 modus
422 2498 573 2548 adiceretur
603 2507 666 2550 statt
717 2500 949 2567 eepiuoloptutem.
974 2502 1027 2554 Vou
1040 2502 1082 2552 des
1091 2501 1218 2560 Augustus

159 2565 398 2628 desgewdbnlieben
411 2565 588 2631 adhiberetur,
604 2567 666 2618 uber
715 2568 854 2630 llestiglteit
871 2571 940 2622 Suet.
952 2573 1013 2633 Aug.
1023 2573 1069 2622 bb:
1088 2567 1222 2631 Aliquan-

159 2634 204 2684 mit
221 2634 351 2685 derselben
370 2634 539 2697 Vorstellung.
648 2666 652 2673 -
717 2641 743 2686 to
758 2641 846 2688 autem
861 2643 1006 2703 patiemim
1015 2642 1125 2689 mortem
1138 2651 1221 2700 quom

192 2705 217 2754 4.
235 2704 400 2769 principibus
423 2704 496 2752 uiris.
535 2703 598 2753 Mine
616 2703 665 2754 Zu-
717 2704 845 2756 dedecora
862 2723 969 2758 cuorum
987 2707 1054 2758 tutet
1073 2703 1148 2763 Num
1158 2702 1221 2754 Gaii

159 2771 357 2834 recbtsveisung‚
386 2772 443 2821 dass
462 2771 507 2821 das
526 2771 589 2822 Vollr
613 2772 664 2822 sicb
715 2771 844 2839 Luciique
862 2791 925 2825 cusu
943 2770 1217 2835 tdiessinddieEulel,

159 2839 227 2889 nicbt
243 2840 372 2903 geuugend
389 2855 445 2888 vom
455 2837 545 2889 Geldbl
565 2841 610 2891 der
625 2855 665 2891 er·
717 2857 737 2892 s.
758 2840 778 2892 l.
792 2845 816 2901 3>
834 2858 888 2892 nou
906 2843 970 2893 adeo
988 2845 1091 2904 fruetus
1110 2856 1132 2889 u.
1148 2857 1169 2890 s.
1183 2854 1216 2889 w.

159 2905 666 2970 babeneuStelluugdes'siberiusdurob-
716 2909 772 2973 Vgl.
793 2910 851 2960 Seu.
872 2925 938 2959 cons.
958 2911 989 2958 ad
1007 2909 1085 2958 Marc.
1100 2913 1139 2960 14.
1154 2910 1194 2959 15.

160 2974 465 3036 druugeugezeigtbabe,
481 2975 666 3028 welcberober
751 2981 789 3029 ll.
808 2977 958 3041 Principes,
986 2976 1054 3032 bier,
1080 2977 1130 3027 wie
1154 2975 1222 3025 oben

160 3041 283 3099 dedurcb,
311 3042 369 3092 duss
394 3043 439 3094 das
456 3042 521 3093 Vollr
546 3046 592 3095 aul
613 3046 665 3096 die·
712 3045 879 3112 principibus
896 3045 967 3106 uiris,
986 3043 1009 3092 iu
1028 3043 1218 3094 demaltenrc·

159 3108 228 3159 selbe
240 3109 308 3159 dote
319 3110 419 3172 gestellt
427 3111 500 3169 wird
517 3113 563 3162 der
574 3114 664 3164 Sebeiu
714 3111 916 3179 publilanisebeu
926 3110 992 3168 Sino,
1007 3110 1073 3158 uiebt
1086 3102 1220 3161 bursteu’ss.

160 3175 454 3230 derUnabsicbtlieblreit
466 3182 580 3245 gegeben
599 3197 665 3232 wer·
752 3181 788 3230 13.
817 3177 940 3226 tudonem
965 3176 1149 3241 Megalesium,
1178 3194 1222 3229 arn.

160 3244 208 3295 den
226 3244 283 3295 soll.
714 3250 771 3298 dten
790 3243 866 3308 April.
887 3244 967 3310 pridie
986 3258 1071 3293 nouas.

194 3315 216 3365 6.
235 3329 270 3363 en·
285 3328 404 3364 maerore
420 3316 535 3379 solacia,
560 3316 610 3366 wie
628 3316 689 3365 ol't·
747 3307 775 3368 7.
796 3314 833 3363 16.
849 3313 977 3378 petendae
993 3312 1108 3365 ultiones.
1138 3311 1165 3362 S.
1186 3331 1219 3365 zu

159 3386 243 3431 metue
260 3397 294 3432 em
311 3382 415 3448 aliquo,
444 3384 490 3434 der
506 3383 595 3440 Trost,
617 3382 662 3431 deu
714 3379 745 3431 lt.
760 3381 800 3431 59.

161 3448 200 3498 die
218 3447 317 3500 Truuer
333 3449 420 3502 bietet.
450 3450 608 3502 Ovid'l'rist.
619 3447 661 3499 tv.
748 3449 788 3498 20.
806 3452 838 3498 et
854 3448 919 3498 diet
954 3445 985 3497 ll.
996 3449 1036 3499 14.

160 3517 184 3576 3,
201 3519 232 3570 38
250 3517 383 3585 dupletur
401 3521 517 3570 lammis
535 3519 663 3581 egeritur·
747 3517 787 3567 22.
805 3532 853 3566 nee
875 3516 932 3567 ulla
952 3542 985 3553 ·-
1009 3520 1120 3582 repertu
1158 3515 1219 3568 Dies

160 3600 209 3650 que
227 3585 310 3637 dolor.
569 3632 571 3640 ,
713 3583 868 3634 betraobtete
885 3598 941 3633 mun
965 3584 1001 3633 uls
1027 3586 1098 3635 einen
1118 3584 1216 3636 beweis

211 3655 233 3705 8.
258 3659 355 3705 umecta
383 3658 463 3705 unica
487 3651 559 3713 filia,
585 3648 659 3707 Julia,
715 3652 782 3702 ibrer
805 3652 886 3702 Kunst
910 3651 942 3700 im
965 3652 1135 3703 Gillmisebeu.
1180 3653 1214 3703 Es

160 3722 279 3772 stetu.
318 3724 369 3774 Cic.
391 3722 421 3771 ad
440 3720 470 3783 Q.
486 3719 519 3767 fr.
539 3714 581 3765 ΙΙΙ.
597 3718 660 3775 8,3;
713 3720 804 3770 lonnte
822 3718 875 3769 also
899 3721 960 3770 aucb
981 3721 1141 3773 Germanicus
1158 3736 1218 3771 rer·

158 3788 200 3838 De
217 3793 315 3840 virtuto
342 3795 368 3840 et
382 3789 515 3853 gravitate
535 3782 663 3851 Caesarie,
713 3788 786 3848 sitiet
808 3788 874 3844 sein.
902 3804 974 3839 wenn
992 3793 1053 3840 etich
1072 3807 1102 3840 an
1120 3790 1215 3840 seiuem

161 3872 239 3920 quam
257 3861 285 3906 t'n
304 3872 403 3906 sommo
421 3853 512 3903 dolore
529 3851 664 3903 adhibetis·
713 3854 811 3921 Kdrper
834 3855 906 3906 leiue
923 3859 1063 3909 Auzeioben
1089 3859 1215 3921 gelandun

160 3929 206 3988 set,
229 3938 405 3988 magnerice
422 3919 533 3987 epistola
556 3925 603 3973 tuo
620 3938 664 3977 oc·
712 3924 816 3974 worden
832 3939 928 3977 waren.
966 3928 992 3979 S.
1011 3927 1041 3978 ll.
1057 3929 1097 3980 13.
