2550 4350
94 290 218 352 aaran
284 286 326 337 nu
345 254 497 338 excussu
514 286 585 340 urm
600 253 742 337 aucusrr
758 285 816 339 xv.
829 286 870 338 ιι.
881 288 921 339 aa.
932 290 973 340 ιι.
1043 254 1045 261 ’
1095 277 1192 340 too*

96 444 128 503 in
165 441 259 501 libros
296 441 406 509 indicia
445 434 712 520 consessiodesque
735 441 957 503 ‘damnatorum
993 441 1154 504 adiuncxit.

94 527 213 588 Etenim
242 526 346 587 crebro
375 527 453 603 vulgi
481 545 600 587 rumore
623 525 818 598 lacerabatur,
849 535 998 605 tamquam
1020 526 1100 587 viros
1188 526 1200 586 ’,-

83 620 127 673 ·et
156 612 291 672 insontes
321 611 359 672 ob
388 611 528 672 invidiam
557 620 607 671 aut
634 619 745 673 metum
775 612 974 672 extincxisset.
1019 611 1156 674 Ceterum
1196 610 1198 615 ’

97 706 233 774 coeptam
267 696 454 782 adultamque
483 702 514 757 et
539 695 681 756 revictam
710 694 943 757 coniurationem
967 714 1064 775 neque
1087 704 1157 757 tunc

70 780 268 842 5duhitavere
291 781 399 861 quibus
422 800 522 841 verum
545 781 691 840 noscendi
714 799 782 841 cura
807 790 878 852 erat,
902 791 930 840 et
954 782 1083 843 latentur
1105 781 1155 861 qui

77 874 167 946 'post
188 865 341 926 interitum
362 865 490 926 Neronis
513 865 544 925 in
566 865 670 926 urbem
692 865 822 942 regressi
845 872 923 926 sunt.
947 870 983 926 At
1005 868 1035 924 in
1052 873 1157 928 senatu

97 951 223 1023 cunctis,
254 959 286 1010 ut
314 949 421 1029 cuique
450 950 609 1029 plurimum
637 949 792 1021 maeroris,
822 951 852 1009 in
882 949 1081 1010 adulationem
1104 949 1156 1011 de·

95 1034 209 1105 missis
232 1034 348 1095 lunium
373 1034 547 1106 Gallionem,
571 1035 703 1095 Senecae
724 1034 825 1094 fratris
849 1042 943 1094 morte
965 1034 1103 1114 pavidum
1127 1044 1158 1096 et

95 1139 151 1198 pro
170 1138 224 1180 sua
240 1120 444 1180 incolumitate
468 1119 643 1198 supplicem,
666 1118 824 1198 increpuit,
848 1114 985 1180 Salienus
1009 1119 1156 1192 Clemens,

57 1204 216 1264 tohostem
239 1211 271 1266 et
290 1205 469 1282 parricidam
491 1223 611 1275 vocans,
635 1204 731 1264 donec
754 1222 901 1264 consensu
927 1213 1042 1282 patrum
1060 1203 1178 1265 delen.

96 1290 173 1349 ritus
196 1299 252 1359 est,
275 1307 312 1348 ne
334 1287 462 1366 publicis
485 1288 571 1349 malis
594 1288 674 1348 abuti
698 1290 734 1348 ad
758 1289 948 1349 occasionem
970 1288 1078 1367 privati
1095 1287 1156 1349 odii

95 1373 257 1444 videretur,
276 1388 349 1433 *neu
373 1375 538 1451 composita
562 1382 612 1433 aut
634 1373 802 1433 oblitterata
826 1369 1052 1434 mansuetudine
1074 1374 1157 1452 prin·

74 1458 174 1537 ¹cipis
204 1476 308 1517 noram
338 1458 374 1517 ad
404 1457 556 1518 saevitiam
584 1458 759 1519 retraheret.
804 1458 878 1517 Tum
907 1459 985 1518 dona
1008 1466 1037 1518 et
1060 1467 1157 1535 grates
1169 1458 1209 1520 74

98 1544 162 1603 deis
186 1543 395 1614 decernuntur,
418 1542 618 1620 propriusque
642 1542 738 1601 honos
762 1542 825 1602 Soli
850 1542 909 1615 (aui
933 1551 979 1602 est
1000 1550 1084 1603 retus
1100 1562 1156 1604 ae-

59 1639 87 1688 15
98 1629 151 1688 des
174 1628 251 1705 apud
275 1626 396 1698 circum,
420 1626 450 1685 in
475 1644 532 1703 quo
549 1625 665 1684 lacinus
681 1625 862 1703 parabatur),
887 1627 937 1704 qui
955 1620 1068 1686 occulta
1086 1645 1157 1702 con-

99 1712 257 1772 iurationis
280 1710 402 1771 numine
425 1709 598 1781 retexissem
622 1717 712 1787 utque
736 1709 914 1769 circensium
931 1709 1091 1770 Coriallum
1113 1711 1157 1771 lu·

98 1797 212 1857 dicrum
241 1795 376 1873 pluribus
406 1813 550 1873 equorum
579 1793 716 1854 cursibus
746 1793 956 1865 celebraretur,
985 1794 1157 1872 mensisque
1248 1860 1251 1867 ,

97 1881 209 1960 Aprilis
230 1880 359 1941 Neronis
383 1888 612 1956 cognomentum
636 1879 802 1956 acciperet;
825 1876 967 1955 templum
991 1877 1084 1939 Saluti
1107 1898 1156 1940 ex·
1230 1932 1235 1953 ,

98 1975 250 2027 trueretnr
272 1985 306 2025 eo
328 1964 398 2036 loci,
422 1984 458 2024 ex
480 1983 538 2042 quo
555 1963 717 2024 Scaevinus
741 1964 852 2023 ferrum
868 1971 1066 2041 prompserat.
1087 1963 1157 2040 lpse

59 2062 168 2112 20eum
197 2050 357 2127 pugionem
386 2049 463 2128 apud
493 2047 671 2127 Capitolium
701 2047 828 2120 sacravit
855 2046 1068 2126 inscripsitque
1095 2047 1158 2108 luri

98 2134 220 2194 vindici.
264 2134 297 2194 ln
326 2153 469 2213 praesens
500 2133 577 2195 haud
608 2133 862 2202 animadversum
894 2141 965 2211 pust
987 2151 1067 2193 arma
1090 2131 1158 2193 lulii

98 2217 233 2279 Vindicis
263 2218 299 2279 ad
322 2219 489 2299 auspicium
512 2226 542 2280 et
563 2218 751 2297 praesagium
776 2218 891 2278 laturae
913 2216 1036 2277 ultionis
1059 2217 1172 2289 trabe<

99 2305 198 2364 batur.
241 2303 369 2383 Reperio
399 2304 429 2364 in
452 2303 674 2366 commentariis
698 2312 820 2364 senatus
844 2301 988 2363 Cerialem
1010 2301 1157 2376 Anicium,

100 2388 254 2450 consulem
278 2390 473 2466 designatum,
496 2378 551 2467 prb
574 2388 721 2450 sententia
744 2388 856 2449 dixisse
879 2395 911 2448 ut
932 2387 1075 2465 templum
1092 2386 1158 2447 divo

59 2473 211 2534 tsNeroni
241 2491 328 2550 quam
357 2472 529 2532 maturrime
557 2473 677 2549 publica
705 2473 833 2553 pecunia
856 2480 1027 2550 poneretur.
1072 2471 1160 2544 Quod
1224 2484 1228 2501 ¹
1260 2518 1263 2523 -

101 2556 222 2636 quidem
249 2556 300 2615 ille
329 2556 509 2616 decernebat
535 2563 683 2635 tamquam
706 2558 831 2619 mortale
853 2557 1005 2634 fastigium
1028 2575 1159 2634 egresso,

125 2707 155 2756 2.
183 2703 254 2755 Nacb
277 2706 349 2753 viros
373 2703 407 2753 ist
430 2703 470 2753 eiu
488 2703 604 2767 Adjectiv
654 2738 656 2743 ι
691 2706 730 2755 to.
751 2720 781 2754 eo
800 2704 853 2754 loci
869 2703 901 2752 im
920 2701 1017 2755 Circus.
1046 2703 1091 2752 lla
1109 2719 1160 2768 quo

97 2772 261 2836 ausgefalleu,
282 2771 409 2823 vielleicbt
426 2771 519 2822 claros.
655 2795 690 2814 =
710 2777 763 2820 ‘aas
787 2786 842 2821 was
866 2771 908 2819 fair
930 2770 1017 2819 einem'
1034 2773 1094 2832 geht
1117 2770 1165 2820 aul
1177 2800 1181 2810 ι
1209 2794 1211 2798 v

132 2844 156 2894 8.
176 2841 284 2892 Iunium
304 2838 457 2891 Gallionem.
486 2837 519 2888 Su
537 2837 605 2887 biess
657 2838 781 2902 ternplum
799 2836 907 2888 Salutis.
928 2837 953 2887 S.
976 2854 997 2887 c.
1018 2840 1059 2890 53.

97 2926 127 2962 er
150 2911 227 2960 durch
251 2909 291 2959 die
319 2924 350 2958 zu
374 2907 416 2958 Vl.
438 2909 452 2959 3
476 2905 604 2956 bemerkte
690 2907 730 2956 21.
752 2905 817 2955 Iulii
834 2903 963 2955 Vindicis.
986 2905 1022 2956 Er
1039 2905 1111 2956 stand
1129 2907 1161 2959 68
1200 2946 1205 2963 .

97 2979 235 3046 Adoption:
257 2977 310 3028 sein
329 2973 534 3027 lrdhererNume
549 2989 606 3024 war
629 3005 631 3007 ·
656 2989 680 3022 ιι.
703 2971 746 3022 Cb.
773 2972 811 3024 als
839 2973 942 3037 legatus
964 2989 1014 3038 pro
1035 2978 1161 3039 praetore

97 3048 224 3099 Annaeus
247 3045 376 3110 Nouatum
412 3044 449 3095 Er
475 3043 604 3093 zeicbnete
656 3057 704 3090 von
723 3041 805 3092 Gallia
822 3040 995 3103 Lugdunensis
1024 3042 1066 3092 liar
1083 3041 1162 3093 Galba

98 3117 150 3166 sich
175 3116 212 3167 als
237 3116 339 3166 lledner
362 3129 416 3164 aas.
452 3110 522 3164 Nero
545 3111 607 3163 liess
658 3125 738 3174 gegeu
754 3108 823 3161 Nero
842 3109 892 3168 aul,
914 3109 1002 3160 warde
1021 3110 1083 3161 aber
1100 3111 1163 3162 acob

96 3185 138 3233 ibn
162 3187 248 3249 spbtcr
265 3185 359 3234 tbdten.
396 3181 443 3232 Dio
461 3180 541 3231 LXll.
561 3182 604 3232 25.
657 3179 682 3229 ia
701 3177 843 3229 demselben
856 3177 918 3227 Jabr
935 3178 1041 3242 besiegt.
1060 3177 1160 3242 Vgl.ll.

98 3251 136 3299 Er
160 3251 193 3300 ist
219 3251 334 3301 derselbe
352 3251 399 3301 der
416 3248 604 3317 Apostelgesob.
656 3245 675 3297 l.
697 3249 721 3298 6.
742 3250 765 3299 8.
787 3249 827 3299 51.
848 3245 953 3297 tV..1t.
968 3250 1010 3299 57.

101 3320 200 3372 18,12
231 3325 340 3378 genennt
365 3318 431 3368 wird
466 3317 536 3381 (Seu.
564 3332 603 3383 ep.
656 3316 732 3435 Vbi.
753 3316 1074 3365 commentariicaeaatua.
1093 3314 1163 3364 Sza
1266 3381 1269 3389 .

133 3446 183 3504 74.
213 3451 251 3500 15.
272 3447 346 3514 apud
362 3450 476 3511 circum,
501 3449 533 3499 im
552 3447 606 3497 Cir·
693 3446 820 3498 cauatam
828 3448 961 3499 Anicium.
974 3447 1031 3510 Vgl.
1040 3445 1110 3497 XVI.
1121 3449 1161 3498 17.

99 3533 152 3569 cus.
174 3517 200 3567 S.
221 3533 252 3566 zu
270 3515 288 3566 l.
307 3520 330 3567 5.
352 3513 457 3564 Tertull.
478 3515 604 3580 despect.
691 3516 733 3567 26.
763 3520 896 3582 tamquam
923 3517 1012 3578 gebdrt
1038 3514 1106 3564 bloss
1131 3530 1164 3565 zu

102 3590 117 3640 8
143 3584 234 3636 Circus
255 3583 313 3635 Soli
334 3583 522 3649 principaliter
546 3597 607 3631 oon·
657 3582 770 3633 mortale
797 3583 936 3649 fastigium
966 3583 1076 3646 eg'resao.
1111 3580 1164 3633 Das

101 3659 229 3716 secratur,
249 3655 324 3702 maius
342 3651 417 3701 aedes
426 3649 511 3699 medio
519 3653 607 3714 spatio
658 3648 784 3713 Folgeude
802 3651 836 3702 ist
853 3649 1009 3711 Remerlrung
1028 3649 1072 3700 des
1089 3647 1164 3699 Taci-

103 3727 128 3773 et
142 3721 245 3786 effigias
261 3719 410 3784 defaetigia
422 3718 495 3769 aedis
504 3718 620 3781 micat„
657 3725 707 3767 tus.
727 3716 803 3776 Nero,
825 3727 881 3782 sagt
891 3733 926 3775 er,
946 3718 1015 3767 batte
1027 3716 1164 3780 ullerdings

139 3791 178 3842 11.
198 3791 294 3838 mensis
311 3787 421 3853 Aprilis,
446 3786 470 3835 in
487 3784 608 3836 walchem
658 3785 699 3836 die
726 3785 874 3848 Verebrung
906 3784 1005 3835 solclrer
1030 3784 1163 3836 lllensclien

104 3856 353 3918 dieVerschwdrung
367 3854 557 3905 eutdeclrtwar.
579 3853 605 3903 S.
658 3854 781 3913 verdieut,
809 3855 886 3904 durcb
911 3854 986 3903 deren
1005 3851 1164 3916 Erinneruug

102 3943 135 3978 aa
153 3941 175 3976 c.
196 3927 237 3978 53.
257 3923 315 3989 Vgl.
333 3923 403 3976 xvi.
425 3924 466 3976 12.
660 3936 689 3973 cr
711 3923 757 3973 aut
777 3923 825 3974 deu
841 3919 956 3974 Wuaseb
980 3920 1062 3983 selues
1079 3918 1164 3973 'l'odes
