2550 4350
103 276 225 338 pontt)
286 276 327 326 ΑΒ
347 276 500 361 excussu
517 274 587 328 ntVI
604 274 747 329 uddusrt
764 276 992 336 xlv.13.14.15.
1112 273 1169 335 121
1268 276 1271 289 '

104 437 191 515 equis
215 434 330 512 regium
354 440 383 493 et
406 432 537 512 antiquis
559 431 687 494 ducibus
711 433 878 495 lectitatum
900 435 1099 512 memorabat,
1123 441 1169 503 id·

105 540 164 600 que
186 530 286 579 vetum
308 516 447 578 laudibus
470 516 588 578 celebre
611 526 641 578 et
664 517 788 578 deornm
803 519 912 579 honori
935 520 1045 581 datum.
1070 522 1170 583 Enim·

104 623 175 667 vero
199 612 303 665 cantus
326 601 457 681 Apollini
481 620 594 676 sacros,
620 601 731 680 talique
753 614 860 664 ornatu
883 610 981 664 astare
1003 623 1064 667 non
1081 607 1169 669 modo

104 687 227 750 Graecis
250 687 282 747 in
305 686 429 748 urbibus
453 687 505 748 sed
529 686 661 746 Romana
686 686 765 765 apud
788 687 898 767 temple
921 706 1031 750 numen
1053 691 1171 768 praeci·

77 784 195 852 spuum
219 779 248 832 et
270 771 450 851 praescium.
509 770 571 830 Nec
600 770 659 831 iam
688 770 755 831 sisti
778 780 912 851 poteret,
946 772 1013 835 dum
1037 774 1170 835 Senecae

102 877 137 918 ec
159 856 254 917 Burro
278 855 389 928 visum,
413 874 450 915 ne
474 862 598 932 utraque
620 854 825 934 pervinceret,
847 855 972 918 alterum
994 859 1171 920 concedere.
1215 896 1219 903 -

101 941 303 1018 clausumque
334 937 409 1000 valle
432 938 574 999 Vaticana
604 939 734 1018 spatium
763 939 795 1000 in
825 959 884 1020 quo
913 959 1008 1021 equos
1036 951 1169 1021 regeret,

60 1040 64 1055 ’
100 1025 180 1085 haud
200 1022 358 1102 promisco
381 1022 567 1102 spectaculo.
596 1022 664 1084 Mox
687 1022 765 1085 ultro
786 1025 888 1087 vocari
909 1014 1170 1105 poputur'ttoma-

102 1127 159 1170 nus
182 1107 381 1186 laudibusque
405 1106 562 1182 extollere,
585 1116 619 1168 ut
640 1117 687 1169 est
709 1108 813 1187 vulgus
835 1102 1170 1191 cupiens-roluptetum
1248 1140 1256 1157 ·

60 1204 148 1264 luet,
178 1194 205 1253 si
236 1190 341 1252 eodem
364 1190 506 1270 princeps
528 1191 641 1265 trabat,
673 1192 794 1255 laetum.
853 1186 992 1257 Ceterum
1016 1194 1169 1275 evulgatus
1260 1265 1266 1272 ,

99 1277 198 1357 pudor
220 1293 281 1336 non
305 1275 537 1347 satietetom‚·ut
558 1275 710 1348 rebantur,
734 1275 788 1338 sed
811 1273 1038 1341 incitamentum
1059 1278 1168 1341 attulit.

100 1362 253 1441 Ratusque
276 1359 408 1421 dedecus
429 1358 559 1433 molliri,
583 1360 609 1419 si
631 1360 734 1438 plures
758 1361 926 1436 loedesset,
955 1360 1101 1425 nobilium
1125 1364 1169 1424 la·

98 1444 249 1507 miliarum
271 1452 418 1524 posteros
434 1450 568 1523 egestate
591 1446 710 1506 venales
733 1446 764 1505 in
786 1446 907 1507 scenam
923 1447 1062 1523 deduxit3
1093 1467 1168 1527 quos

100 1531 161 1592 lato
183 1530 359 1610 perfunctos
382 1547 420 1589 ne
443 1527 620 1588 nominatim
643 1529 774 1600 tradam,
799 1530 964 1593 maioribus
988 1550 1092 1593 eorum
1115 1533 1169 1592 tri-

59 1613 251 1675 15buendum
274 1620 358 1692 puto.
413 1610 487 1671 Narn
518 1619 547 1672 et
576 1611 641 1673 eius
665 1611 810 1688 llagitium
839 1622 900 1684 est,
938 1615 987 1693 qui
1011 1616 1169 1693 pecuniam

98 1699 137 1760 ob
161 1697 268 1758 delicte
290 1696 392 1776 potius
422 1695 506 1756 dedit
533 1713 621 1773 quam
644 1713 683 1756 ne
711 1695 932 1773 delinquerent.
975 1698 1070 1758 Notos
1093 1718 1167 1778 quo-

100 1801 158 1861 que
181 1781 297 1861 equites
320 1782 471 1841 Romanos
501 1796 610 1858 operas
639 1797 747 1840 arenae
770 1780 947 1858 promittere
968 1781 1086 1858 subegit
1114 1784 1168 1842 do-

99 1867 148 1928 nis
177 1866 365 1944 ingentibus,
400 1864 458 1925 nisi
487 1862 566 1944 quod
598 1863 713 1924 merc'es
742 1863 779 1924 ab
809 1883 844 1924 eo
869 1863 918 1942 qui
943 1863 1046 1924 iubere
1069 1873 1169 1943 potest

98 1951 158 2012 rim
181 1949 371 2012 necessitatis
395 1950 491 2009 allent.
521 1947 565 2008 Ne
588 1955 687 2008 temen
710 1947 808 2008 adhuc
830 1948 952 2027 puplico
976 1940 1092 2010 theatro
1115 1949 1167 2010 de·
1182 1955 1220 2015 15

56 2035 327 2104 20honestaretnr‚
366 2032 496 2095 instituit
524 2031 612 2092 ludos
634 2031 824 2114 Iuvenalium*
846 2031 1008 2105 vocabulo,
1036 2033 1067 2092 in
1091 2052 1167 2112 quos

97 2119 214 2199 passim
236 2118 356 2179 nomina
380 2117 458 2179 date.
498 2118 565 2177 Non
588 2116 730 2177 nobilitas
754 2116 904 2195 cuiquam,
927 2135 987 2175 non
1011 2124 1093 2177 aetas
1117 2126 1168 2178 ant

100 2203 159 2265 acti
182 2203 313 2264 honores
336 2202 552 2281 impedimento
580 2219 639 2279 quo
655 2200 754 2261 minus
768 2201 874 2260 Graeci
886 2200 1021 2261 Latinive
1044 2201 1167 2262 histrio·

97 2288 146 2349 nis
170 2295 263 2348 artem
288 2295 463 2349 exercerent
490 2305 585 2365 usque
618 2285 654 2346 ad
673 2292 781 2363 ,gestus
804 2285 972 2363 modosque
993 2284 1071 2345 heud
1094 2285 1166 2347 viri·

97 2372 153 2434 les.
200 2370 280 2443 Quin
303 2379 333 2432 et
356 2370 484 2432 feminae
508 2371 640 2431 illustres
664 2370 810 2431 delormia
834 2370 987 2444 meditari3
1017 2379 1165 2431 extructa-

55 2467 159 2534 25que
182 2455 260 2533 apud
284 2472 399 2524 nemus,
423 2455 502 2531 quod
526 2453 622 2514 navali
645 2463 750 2530 stagno
774 2453 991 2532 circumposuit
1006 2455 1165 2531 Augustus,

98 2535 310 2599 conventicula
329 2546 359 2596 et
381 2553 565 2613 cauponae,.
584 2546 614 2595 et
643 2538 741 2613 posita
763 2555 840 2600 reno
866 2538 1050 2597 irritamenta
1073 2538 1165 2596 luxui.

96 2621 310 2697 Debenturque
342 2619 456 2695 stipes,
494 2638 568 2696 quas
596 2618 671 2690 'boni
701 2618 895 2689 necessitate,
929 2619 1166 2695 intemperantes
1230 2621 1233 2627 '

99 2705 193 2783 gloria
218 2713 438 2762 consumerent.
484 2702 556 2761 Inde
587 2698 714 2776 gliscere
735 2698 855 2783 'llagjqia
884 2709 914 2759 et
936 2699 1074 2772 inlamie3
1109 2718 1166 2762 neo

97 2789 157 2851 ulla
180 2787 315 2849 moribus
339 2785 410 2845 olim
427 2783 576 2862 corruptis
592 2781 661 2861 plus
675 2780 1055 2901 libidirt'qn'nrecircumdedit
1078 2800 1167 2860 quem

673 2890 677 2899 ·
748 2866 791 2923 uir.
817 2866 855 2915 'n

130 2976 154 3026 6.
175 2978 290 3036 utraque
308 2972 342 3021 ist
360 2952 406 3020 der
424 2968 567 3020 Accusativ.
657 2971 728 3017 trum
743 2946 882 3033 pduniinre
900 2968 975 3015 trans
996 2962 1111 3015 Tiberene
1137 2967 1167 3014 in

95 3039 152 3098 [i.
174 3041 243 3090 valle
257 3039 398 3091 ¹Vaticano
417 3038 448 3086 im
465 3037 542 3087 Osten
561 3036 605 3086 des
656 3035 749 3097 bortis,
768 3032 842 3099 qnod
858 3048 875 3083 n
890 3032 991 3099 populo
1005 3033 1113 3098 impleri
1124 3048 1166 3082 cn-

94 3124 171 3160 neone
182 3108 338 3172 Vaticanus,
358 3107 382 3156 in
401 3105 486 3155 seinen
499 3104 600 3162 Geirten.
656 3106 735 3153 nonde
750 3116 792 3165 se,
821 3100 885 3150 dum
902 3099 1062 3165 Pompeiano
1087 3116 1166 3166 proe-

95 3192 136 3225 wo
156 3176 231 3226 sebon
250 3175 365 3237 Caligula
390 3174 511 3236 gelnbren
537 3186 602 3221 wer.
657 3170 739 3232 indit,
760 3170 840 3219 etiarn
858 3165 963 3218 Neroni
978 3170 1044 3217 eatis
1062 3173 1128 3217 erat.

96 3242 159 3292 Plin.
171 3244 227 3292 bist.
244 3250 293 3291 nat.
310 3240 431 3291 XXXVI.
443 3243 481 3296 11,
495 3241 529 3298 tt
543 3236 606 3289 Tor-
691 3239 731 3288 23.
750 3236 842 3287 modos
864 3235 995 3292 'Weiscn¹,
1012 3235 1146 3285 Melodien.

97 3312 150 3358 tino
168 3308 312 3367 (obeliscus)
332 3313 371 3356 cot
387 3306 485 3356 Rornae
502 3309 530 3355 in
552 3302 605 3357 We·
691 3306 732 3355 25.
753 3319 844 3352 nemus
863 3330 894 3338 -
912 3302 1057 3365 Angustus.
1087 3302 1113 3350 S.
1135 3318 1167 3351 zu

98 3378 192 3439 tienne!
208 3373 259 3423 Gai
276 3380 301 3423 et
317 3373 433 3422 Neronia
448 3374 605 3443 principum
656 3369 714 3421 Xll.
737 3372 777 3420 52.
816 3370 868 3418 Der
890 3370 953 3419 llaio
983 3384 1040 3419 war
1066 3369 1090 3416 in
1119 3369 1167 3416 den
1266 3407 1270 3413 .

97 3443 176 3489 circo.
213 3439 270 3499 Vgl.
289 3439 346 3489 XV.
366 3441 407 3489 44.
458 3438 540 3487 Ueber
558 3438 606 3487 den
658 3436 753 3488 Glirten
772 3437 816 3486 des
834 3437 950 3486 Dictator
967 3434 1054 3484 Cesar.
1091 3434 1115 3482 S.
1135 3449 1167 3483 zu

96 3506 197 3555 blossen
216 3505 317 3554 Ablativ
335 3521 366 3553 zn
384 3502 426 3553 lll.
447 3504 487 3555 61.
656 3501 688 3553 11.
709 3505 751 3554 41.
1030 3554 1033 3559 ,

133 3576 173 3623 tt.
194 3587 289 3636 operas
307 3586 405 3621 arenae
423 3570 460 3619 als
479 3569 607 3635 Gladiato·
691 3570 830 3635 limpor,
851 3568 921 3625 cetu,
945 3565 1166 3616 umvondenaus-

97 3637 408 3704 renundTbierkalmpler.
420 3635 606 3688 Suet.Ner.12.
657 3636 788 3698 gestellten
808 3636 904 3685 Snchen
923 3651 953 3683 zu
972 3633 1073 3681 laulen.
1115 3656 1118 3661 .

132 3705 230 3761 15.19.
250 3706 359 3772 puplico
373 3707 486 3761 theatro.
505 3703 563 3754 XV.
574 3706 606 3755 33
692 3706 732 3756 28.
752 3704 844 3768 gloria
866 3699 1017 3755 urrunnun,
1040 3697 1165 3749 indemsie

96 3771 168 3824 Nam
186 3773 274 3824 adbuc
289 3791 340 3839 per
358 3774 463 3823 domum
481 3777 530 3822 unt
546 3772 607 3821 bor·
657 3770 730 3820 einen
749 3772 829 3819 Ruhnt
847 3769 919 3817 dorin
938 3767 1039 3816 landen.

98 3847 138 3890 toa
168 3844 301 3892 cecinerat
330 3841 498 3891 Iuvenalibus
528 3839 605 3889 tedis.
691 3853 739 3887 nec
764 3836 821 3886 nlla
861 3834 916 3883 ‘und
945 3831 1048 3882 Nicbts’.
1088 3831 1113 3880 S.
1135 3849 1166 3881 zu

98 3907 230 3960 Pitu‘ttst.
240 3906 439 3991 nntXXXVll3¹¹
448 3910 470 3965 2,
485 3910 514 3958 19
534 3907 607 3955 idoa-
658 3903 698 3980 Ν.
708 3906 748 3956 56.
769 3903 819 3952 Cic.
834 3902 865 3951 tle
875 3900 916 3950 oli.
936 3899 978 3950 lll.
995 3902 1033 3956 10,
1045 3900 1079 3949 44
1095 3897 1166 3949 Nam
