2550 4350
68 261 194 324 annm>
268 259 310 311 nu
329 226 480 312 excussu
496 256 565 311 mvi
582 233 724 314 audoeni
741 259 783 313 111.
806 264 845 315 11.
860 265 899 316 ra.
915 267 956 317 tt.
1069 252 1129 316 149

71 416 111 479 de
132 416 232 477 morte
260 413 321 475 eius
349 414 520 494 anquiritur.
569 415 671 477 Cetera
697 416 762 496 pari
788 417 934 479 modestia
960 424 1129 484 tractentur.

72 500 168 564 Nemo
190 498 279 560 Drusi
299 497 448 571 lacrimas,
476 519 563 562 nemo
591 501 767 563 maestitiam
796 520 891 564 meam
918 511 1046 582 spectet,
1076 522 1132 567 ucu

75 586 106 647 si
127 603 183 663 qua
203 583 234 644 in
261 600 318 645 nos
346 584 468 646 adversa
494 585 653 664 linguntur.
703 585 785 648 llrim
812 586 932 648 biduum
961 587 1131 651 criminibus
1144 594 1182 656 13

78 668 240 732 obiciendis
263 668 417 742 statuitur,
448 678 538 749 utque
561 688 613 730 sex
635 670 746 732 dierum
770 671 865 749 spatio
881 671 1040 751 *interiecto
1062 689 1131 735 reus

50 768 137 836 oper
164 753 289 815 triduum
319 753 534 815 defenderetur.
585 753 660 815 'lum
681 754 830 818 Fulcinius
858 764 956 818 vetera
984 765 1013 818 et
1034 757 1132 819 inania

80 839 202 912 orditur,
224 837 381 900 ambitiose
402 857 546 917 avareque
566 838 696 901 habitam
716 839 905 919 Hispaniam3
937 842 1015 921 quod
1036 860 1132 922 neque

77 923 242 987 convictum
264 941 358 984 noxae
378 940 448 995 reo,
481 922 507 984 si
530 924 659 984 recentia
679 934 834 1004 purgaret,
862 943 957 1005 neque
979 925 1131 989 delcnsum

74 1007 254 1072 absolutioni
277 1016 357 1080 crat,
380 1007 405 1067 si
428 1016 578 1069 teneretur
598 1008 759 1072 maioribus
782 1010 908 1090 flagitiis.
950 1010 1132 1091 Postquam

74 1095 223 1157 Servaeus
245 1099 275 1152 ct
295 1091 437 1154 Veranius
461 1099 490 1152 ct
510 1093 642 1155 Vitellius
670 1094 816 1156 consimili
842 1095 959 1169 studio,
988 1103 1018 1158 ct
1044 1097 1134 1160 multa

38 1177 245 1258 tuoloquentia
266 1177 410 1249 Vitellius,
433 1177 569 1240 obiecere
591 1178 666 1240 odio'
682 1179 846 1242 Germanici
868 1190 897 1242 et
917 1199 1016 1243 rerum
1037 1199 1132 1244 nore-

74 1283 141 1328 rum
164 1261 263 1324 studio
285 1261 426 1323 Pisonem
453 1263 557 1341 vulgus
586 1263 708 1326 militum
735 1283 789 1344 per
809 1265 956 1328 licentiam
979 1275 1009 1328 et
1030 1267 1131 1329 socio-

75 1368 140 1412 rum
163 1346 288 1408 iniurias
310 1365 346 1407 eo
369 1349 663 1428 usquecourupisse
685 1358 718 1411 ut
738 1368 847 1430 pareus
868 1350 1017 1430 legionum
1039 1370 1055 1413 a
1077 1354 1131 1414 do·

75 1432 206 1497 terrimis
228 1431 440 1511 appellaretur,
474 1434 626 1495 contrairi
650 1434 794 1514 optimum
816 1455 977 1516 quemquo,
1007 1437 1133 1499 maxime

74 1519 104 1581 iu
134 1517 260 1580 comites
289 1523 320 1577 et
345 1516 456 1578 amicos
479 1518 643 1580 Germanioi
671 1520 820 1593 saevisse3
852 1527 1005 1601 postremo
1036 1522 1133 1603 ipsum

39 1601 282 1666 todevotionibus
305 1608 334 1662 ct
354 1619 468 1664 veneno
490 1603 669 1681 peremisse3
702 1623 784 1666 sacra
811 1604 880 1666 hino
902 1616 931 1666 et
951 1607 1131 1668 immolatio·

75 1707 129 1750 nes
160 1686 303 1748 uelandus
335 1685 429 1766 ipsius
465 1695 550 1766 atque
583 1687 755 1763 Plancinae,
792 1689 912 1768 petitam
947 1692 1037 1751 armis
1069 1710 1133 1753 rem

75 1772 235 1854 publicam,
258 1781 347 1850 utque
376 1789 444 1832 rcus
466 1770 510 1850 agi
533 1781 653 1850 posset,
686 1771 747 1833 acie
768 1772 886 1833 victum.
939 1773 1078 1836 Defensio
1102 1775 1184 1842 iuld

77 1859 180 1920 ceteris
211 1855 376 1935 trepidarit.
427 1854 500 1916 Nam
527 1873 622 1934 neque
649 1856 840 1917 ambitionem
862 1857 1016 1919 militarem
1037 1878 1134 1938 neque

74 1941 253 2021 provinciam
276 1941 409 2019 pessimo
431 1941 537 2019 cuique
557 1941 725 2013 obnoxiam,
748 1959 785 2001 ne
808 1942 999 2003 contumelias
1015 1943 1132 2022 quidem

36 2029 229 2091 maurusam
258 2026 466 2105 imperatorem
494 2025 612 2086 infitiari
640 2034 766 2105 poterat.
815 2026 915 2088 Solum
943 2027 1046 2089 veneni
1074 2027 1133 2088 eri-

70 2133 140 2177 mcn
167 2112 249 2174 visus
281 2119 326 2172 est
355 2111 492 2184 diluissc3
529 2110 607 2190 quod
639 2130 677 2173 oc
704 2120 890 2195 accusatores
922 2111 1039 2191 quidem
1061 2111 1133 2175 satis

72 2197 244 2268 firmabant,
267 2195 298 2256 in
322 2195 453 2256 convivio
477 2195 656 2270 Germanici,
690 2216 755 2258 cum
778 2215 867 2276 super
889 2217 955 2258 eum
977 2197 1047 2259 Piso
1069 2198 1132 2259 dis·
1238 2238 1241 2243 ·

66 2283 241 2354 'eumberet,
276 2280 400 2341 inlectos
430 2281 564 2343 manibus
593 2282 658 2342 eius
687 2283 769 2344 cibos
799 2291 966 2363 arguentes.
1016 2283 1133 2363 Quippe

77 2366 234 2428 absurdum
254 2365 425 2440 videbatur,
458 2366 536 2428 inter
564 2366 658 2428 aliena
682 2368 800 2429 servitia
829 2378 858 2429 et
885 2377 931 2430 tot
958 2369 1134 2431 adstantium

34 2451 160 2526 tovisu,
182 2450 248 2531 ipso
271 2450 444 2512 Germanico
467 2469 582 2525 coram,
605 2451 634 2512 id
657 2471 771 2514 ausum.
817 2453 1023 2534 offerebatque
1042 2455 1133 2537 ‘lami-

109 2621 133 2670 3.
164 2617 273 2669 adsumo
303 2618 492 2681 'Ungiustiscs'.
529 2618 579 2669 wie
630 2623 716 2668 mento
732 2618 874 2683 palamque
892 2623 1000 2668 testetur
1018 2635 1073 2669 nou
1088 2635 1136 2684 po·

72 2685 191 2738 xlv.11
219 2683 316 2737 &acco
339 2687 448 2737 aduorso
471 2701 580 2737 rumore
631 2689 712 2735 tuisse
728 2687 760 2735 ob
777 2700 905 2734 uenenum
922 2701 968 2735 cur
986 2684 1138 2736 Germanioi

73 2759 141 2806 erat.
178 2752 299 2806 t1.1.ra.
320 2753 404 2808 1126.
631 2753 751 2803 Caesarie
769 2754 889 2802 erconurr'.
924 2751 1023 2802 Contra
1038 2767 1136 2816 genere

105 2815 154 2879 13.
183 2825 207 2874 9.
225 2820 360 2873 Seruaeum.
397 2821 423 2872 S.
443 2837 474 2871 zu
492 2819 524 2871 ll.
535 2822 575 2873 56.
630 2822 717 2871 morbi
734 2820 857 2881 deseratus
874 2824 913 2868 est
928 2818 997 2870 Piso.

71 2891 108 2942 Er
131 2889 197 2940 wir-d
225 2889 263 2940 alo
292 2890 339 2940 der
367 2890 580 2940 uubcdeuteudste
666 2891 704 2940 11.
723 2890 856 2938 rusiorum
872 2889 994 2952 iniurius,
1013 2887 1137 2939 indemer

73 2960 119 3010 dar
147 2957 276 3019 Aubliger
302 2957 368 3008 beim
397 2958 503 3009 Procesa
536 2957 580 3008 des
631 2957 679 3007 den
697 2956 815 3008 Soldaten
839 2954 952 3007 erlaubte
975 2956 1015 3008 dic
1033 2956 1137 3009 Provin-
1217 2977 1221 2983 ·

72 3026 131 3077 Piso
150 3042 197 3076 nur
214 3025 270 3076 bier
287 3041 311 3075 u.
332 3041 353 3077 c.
369 3029 407 3084 19,
434 3027 502 3078 uicbt
518 3026 580 3077 atreb
631 3025 711 3075 oiulcu
731 3026 825 3088 (socii)
845 3024 1068 3075 au'nrissbandelu.
1107 3024 1133 3076 S.

73 3094 102 3144 ll.
119 3096 160 3146 14.
187 3093 287 3145 litto.
306 3096 345 3152 11,
377 3094 522 3145 nameutlicb
541 3110 581 3144 er·
632 3093 662 3144 ll.
672 3097 713 3145 55.
735 3094 813 3145 Uuteu
826 3082 848 3142 e'.
861 3095 891 3145 tt
900 3096 1068 3159 prouinciam
1076 3110 1137 3160 per-

73 3163 167 3212 wibut.
204 3160 343 3212 Gomimili
357 3163 445 3214 studio
464 3164 522 3226 geht
539 3161 585 3212 auf
630 3164 696 3212 rimo
715 3164 809 3227 cuique
826 3163 975 3212 obnom'um.

75 3229 116 3278 dis
139 3231 154 3282 3
178 3230 234 3279 bier
251 3229 411 3288 Genauuteu,
446 3230 513 3280 uiebt
539 3230 585 3281 auf
667 3232 705 3281 15.
724 3245 802 3280 sacra
817 3228 925 3292 'Orgieu’
949 3229 1136 3280 ulsllauklesto

73 3290 219 3348 Fulcinius.
589 3282 612 3345 .'
632 3297 678 3347 den
693 3297 891 3348 unterirdischen
902 3270 1006 3349 (ntem
1019 3297 1135 3361 geleiert.

108 3371 134 3416 et
148 3366 235 3416 multu
254 3366 418 3431 eloquentia:
439 3366 503 3415 ‘uod'
514 3370 582 3430 (uus-
631 3365 678 3414 Die
696 3364 823 3427 tntisper
845 3368 1007 3428 vergrdsseru
1031 3381 1085 3416 was
1102 3364 1134 3416 11.

76 3448 116 3484 aer
132 3434 189 3484 dem
207 3433 289 3492 Eilerl
311 3433 368 3483 'mit’
387 3449 410 3482 u.
425 3449 446 3483 s.
458 3450 491 3484 w.
529 3433 580 3487 Das
632 3436 663 3485 15
681 3433 805 3483 beriobtet
821 3432 862 3483 ist.

77 3500 191 3552 Vitellius
202 3502 271 3551 Rede
284 3501 352 3551 liubrt
362 3500 456 3550 Plinius
471 3515 502 3551 an
520 3501 577 3551 bist.
664 3494 712 3556 14.
730 3502 769 3552 20.
789 3503 987 3566 imperatorem,
1005 3499 1054 3548 wie
1069 3514 1091 3548 c.
1103 3499 1134 3551 12

76 3569 180 3620 natXl.
192 3571 232 3627 31,
247 3571 292 3622 181
301 3588 307 3619 :
326 3568 451 3633 Nugatur
468 3571 583 3618 ormnurt
632 3569 783 3632 obsequium
801 3583 865 3633 erga
882 3571 1073 3634 imperatorem.

74 3653 149 3702 poue
177 3642 240 3699 (cor)
269 3639 298 3686 in
324 3640 358 3687 ie'r
386 3639 433 3701 qui
456 3636 580 3686 cardiaco
664 3638 705 3688 25.
723 3638 782 3685 orbe
803 3643 884 3686 ‘uutcr
902 3636 948 3685 deu
967 3634 1067 3696 Augcu’.
1105 3633 1131 3683 S.

74 3707 166 3756 morbo
178 3707 309 3766 obieriut5
321 3710 471 3770 negoturet
482 3718 580 3754 ueneno
632 3720 663 3754 zu
682 3703 712 3753 ll.
732 3702 751 3754 l.
767 3705 808 3755 23.

76 3775 247 3838 interemptis.
298 3770 372 3823 Certe
395 3778 471 3824 eoetut
493 3775 580 3824 oratio
650 3786 653 3791 ·
665 3770 804 3832 familiam.
840 3770 913 3820 Scine
932 3766 1035 3817 Selaveu
1059 3783 1138 3817 muss-

77 3839 180 3892 Ve'tellir‘
203 3856 256 3906 qua
285 3854 359 3890 reum
380 3841 499 3892 lironem
526 3844 581 3891 eius
632 3847 673 3890 ten
699 3854 739 3888 uru
762 3834 982 3897 flermisehauung
1008 3835 1051 3886 des
1070 3834 1136 3887 Gilia

73 3909 182 3961 sceleris
206 3909 330 3973 coarguit
356 3910 404 3960 boc
421 3925 483 3963 uror
501 3924 582 3974 orgu-
632 3907 733 3964 wissen,
755 3905 795 3955 dic
809 3906 853 3955 des
864 3904 1032 3963 Germanicus,
1042 3903 1140 3956 welche
