2770 4462
202 340 262 401 196
416 389 420 396 .
586 319 912 400 conueurmtrr'
1144 351 1265 412 (aenae

201 503 250 583 qui
279 501 388 582 spretis
415 520 490 580 quae
519 502 600 563 tarda
622 520 688 562 cum
719 500 892 574 securitate,
919 509 1106 580 praematura
1127 501 1173 561 vel
1196 517 1264 560 cum

148 593 188 656 67
202 587 290 650 exitio
305 596 475 668 properant.
498 588 613 648 Auxere
628 605 783 648 numerum
798 593 1019 648 accussatorum
1034 585 1145 646 Gellius
1161 585 1265 644 Publi·

201 673 264 734 cola
288 681 317 732 et
339 672 375 732 Μ.
398 671 558 743 Paconius,
588 671 637 731 ille
658 677 801 750 quaestor
822 671 930 743 ffilani,
964 671 1013 730 laic
1039 670 1161 747 legatus.
1205 667 1267 728 Nec

202 757 323 818 dubium
354 756 516 817 habebatur
544 757 684 817 saevitiae
711 765 919 835 captarumque
945 755 1135 833 pecuniarum
1170 752 1263 813 teneri

200 860 301 902 reum:
334 841 387 900 sed
417 840 506 902 multa
534 841 749 919 adgerebantur
775 841 862 901 etiam
893 839 1061 900 insontibus
1084 837 1291 916 periculosas

201 945 266 987 cum
290 943 382 1004 super
403 933 447 986 tot
468 934 625 986 senatores
648 926 791 985 adversos
821 922 1039 985 facundissimis
1064 921 1154 981 totius
1176 921 1264 981 Asiae

201 1029 297 1088 eoque
324 1010 361 1069 ad
390 1010 754 1070 accussandum‘delectis
775 1007 973 1088 responderet
1002 1006 1084 1066 solus
1107 1014 1137 1064 et
1159 1005 1279 1070 orandi.

200 1095 330 1167 nescius,
353 1093 474 1172 proprio
497 1094 526 1153 in
549 1100 639 1163 metu,
669 1095 718 1172 qui
747 1093 905 1154 exercitam
927 1109 1043 1169 quoque
1066 1088 1264 1167 eloquentiam

201 1178 341 1247 debilitat,
375 1195 437 1237 non
459 1185 641 1255 temperante
664 1177 783 1237 Tiberio
807 1176 877 1254 quin
899 1182 1048 1254 premeret
1069 1191 1150 1244 voce,
1172 1172 1265 1245 vultu,

202 1281 237 1322 ec
265 1260 344 1338 quod
374 1259 438 1336 ipse
468 1260 646 1321 creberrime
675 1260 890 1338 interrogabat,
924 1276 1018 1335 neque
1039 1257 1186 1318 ‘refellere
1215 1265 1264 1318 aut
1276 1267 1308 1316 to

120 1346 122 1354 ’
202 1344 319 1404 eludere
342 1341 480 1415 dabatur,
504 1360 538 1404 ac
560 1360 649 1420 saepe
671 1346 756 1404 etiam
779 1343 978 1403 confitendum
1001 1351 1073 1414 erat,
1095 1361 1133 1402 ne
1156 1341 1274 1402 lrus'tra

200 1425 404 1506 quaesivisset.
449 1427 557 1488 Servos
581 1446 698 1505 quoque
721 1427 827 1498 Silani,
857 1435 890 1486 ut
917 1426 1074 1487 tormentis
1096 1427 1263 1503 interroga·
1378 1425 1379 1508 l

200 1518 313 1582 rentur,
337 1518 419 1570 actor
440 1512 576 1589 publicus
592 1511 737 1590 mancipio
754 1517 915 1588 acceperat.
948 1502 985 1570 Et
1007 1530 1045 1571 ne
1067 1510 1132 1590 quis
1156 1528 1263 1570 neces·
1378 1517 1379 1580 l

200 1593 347 1655 sariorum
371 1594 484 1657 iuvaret
505 1595 734 1675 periclitantem,
762 1595 925 1656 maiestatis
948 1595 1070 1656 crimina
1093 1594 1263 1656 subdeban-
1378 1585 1379 1614 ¹

197 1687 260 1751 tur,
289 1679 415 1739 vinclum
445 1689 474 1742 et
502 1680 665 1741 necessitas
695 1681 811 1741 silendi.
853 1680 952 1762 'lgitur
981 1681 1075 1760 petito
1102 1689 1308 1759 paucorumtt»
1378 1673 1379 1736 l

199 1763 313 1824 dierum
336 1763 491 1826 interiectu
514 1765 717 1826 defensionem
740 1765 787 1827 sui
813 1765 962 1838 deseruit,
988 1765 1070 1825 ausis
1093 1765 1128 1824 ad
1151 1763 1260 1824 Caesa-

148 1851 188 1915 68
200 1866 263 1912 rem
293 1848 452 1924 codicillis,
489 1850 596 1929 quibus
619 1850 757 1912 invidiam
780 1859 810 1920 et
830 1867 935 1928 preces
958 1851 1127 1910 miscuerat.
1172 1845 1272 1908 Tibe
1378 1851 1379 1854 ’

199 1935 262 1994 rins
291 1933 418 2012 quaein
441 1935 572 1996 Silanum
599 1937 736 2016 parabat,
770 1953 828 2014 quo
856 1935 1022 1994 excusatius
1052 1933 1107 1993 sub
1130 1932 1267 2010 exemplo

200 2017 419 2096 acciperentur,
452 2019 567 2081 libellos
591 2020 649 2080 divi
670 2019 795 2099 Augusti
817 2018 854 2079 de
876 2018 984 2077 Voleso
1006 2017 1147 2087 Messala,
1180 2019 1266 2076 eius·

230 2140 279 2205 tt.
304 2153 326 2202 a.
347 2147 447 2200 notram
463 2152 616 2214 moreau,
644 2151 708 2200 oon·
796 2152 833 2200 ae.
852 2153 928 2198 aanor
938 2148 1069 2212 pontana.
1096 2147 1121 2196 s.
1139 2163 1169 2196 zu
1183 2146 1213 2195 ιι.
1225 2148 1269 2198 ao.

197 2214 237 2265 sul
254 2215 372 2267 sulleatus
390 2221 424 2268 40
442 2233 466 2266 u.
479 2217 523 2267 Clr.
555 2221 679 2268 Boncaasr.
794 2219 832 2267 15.
851 2214 967 2265 uinclum
985 2220 1074 2264 etneo.
1087 2214 1127 2262 eit
1148 2213 1173 2262 S.
1185 2213 1212 2262 ΙΙ.
1224 2215 1269 2266 29.

232 2285 255 2332 3.
274 2281 309 2332 Μ.
327 2283 467 2345 Paeoniae,
496 2287 581 2348 spinter
598 2301 645 2332 voo
664 2283 708 2333 'ri-
789 2279 832 2334 ι17.
852 2280 987 2331 inuidiam.
1013 2281 1049 2330 Er
1066 2279 1195 2330 lrieltdem
1208 2280 1269 2332 Tio.

196 2348 283 2397 herlus
301 2349 428 2409 getfidtet,
461 2348 541 2398 Vater
564 2349 608 2398 des
626 2350 707 2401 Paeo·
758 2365 804 2399 vor
822 2351 880 2399 dass
904 2364 960 2398 man
984 2348 1073 2398 nnedel
1098 2364 1128 2398 un
1157 2349 1204 2398 ihm
1224 2364 1270 2410 ge-

197 2416 259 2462 nius
286 2413 462 2479 Agrippinas.
509 2414 579 2465 xvl.
600 2418 642 2467 28.
663 2420 704 2468 29.
759 2416 862 2467 landolt
879 2418 956 2466 hatte.
985 2416 1139 2479 lligentliclr:
1160 2433 1190 2467 er
1207 2417 1274 2467 hielt

197 2479 267 2530 Suet.
288 2479 405 2550 Tinttl:
425 2481 576 2532 Annalibus
592 2486 648 2532 sun
665 2487 708 2533 uir·
759 2485 807 2534 ilnu
826 2484 1163 2547 dasgelraissigebichtvor,
1186 2485 1270 2535 indas
1379 2491 1380 2508 ¹

136 2587 143 2596 .
197 2546 347 2598 aonwlaris
357 2551 470 2599 insanit
478 2550 614 2615 frequenti
625 2567 709 2616 qnon—
759 2567 788 2602 er
798 2552 850 2603 sicli
858 2553 935 2602 durch
947 2553 1000 2603 sein
1009 2553 1148 2603 Verlalrren
1159 2559 1266 2616 gesetzt.

196 2615 258 2664 darn
275 2619 404 2680 conuiuio,
422 2619 468 2667 eni
479 2617 707 2684 atipscadliaertt,
758 2618 822 2670 Wir
845 2621 942 2670 konnen
969 2621 1162 2684 ‘Beseha'amung'.
1193 2620 1266 2670 ‘Vor-

195 2685 392 2750 interrogatnm
404 2700 462 2735 eam
472 2684 608 2748 (Tiberius)
621 2689 708 2737 andito
757 2689 848 2738 wdrl'e'
857 2688 1015 2739 dbcrsetzea.
1032 2688 1073 2739 lV.
1084 2693 1116 2740 52
1124 2704 1175 2755 quo
1188 2690 1270 2737 initio

197 2755 223 2800 et
240 2751 314 2801 clare
331 2753 472 2818 aquodam
486 2769 566 2818 nano,
585 2753 708 2805 adstante
758 2757 884 2806 inuidiae.
905 2758 936 2808 53
947 2757 1076 2807 inuidiam
1088 2762 1212 2821 etprecee
1224 2769 1271 2822 cn·

195 2834 301 2870 mensae
318 2823 389 2871 inter
406 2838 516 2890 copreae
523 2861 531 2886 ,
559 2837 608 2872 car
624 2824 706 2873 Paco-
758 2823 839 2874 ditur.
865 2823 934 2875 XVl.
947 2828 977 2876 10
995 2823 1153 2874 immobilem
1166 2840 1194 2871 aa
1204 2838 1269 2887 pre-

195 2890 266 2949 ntns,
282 2891 429 2942 maiestates
443 2906 512 2952 resa,
531 2895 585 2941 tam
603 2889 651 2940 dia
667 2894 706 2940 ni·
758 2889 831 2941 alteas
849 2896 875 2940 et
890 2891 1008 2940 invidiae
1025 2894 1103 2940 iuxta
1121 2889 1241 2939 ostendit

195 2958 275 3013 aeret,
297 2959 388 3004 staden
406 2956 510 3020 quidem
526 2957 705 3020 petulantiam
789 2953 838 3014 68,
859 2959 896 3008 19.
916 2953 1011 3007 Voleso
1029 2956 1150 3017 Messala,
1174 2955 1269 3004 Consul

196 3019 307 3081 lirtgatoe
323 3023 492 3085 obiurgasset,
513 3029 628 3071 catenam
642 3029 706 3086 post
756 3027 808 3074 5η.
819 3024 863 3074 co.
901 3023 938 3071 Er
956 3023 1040 3078 heisst,
1062 3023 1111 3070 wie
1130 3019 1269 3085 hienste-

192 3098 295 3149 pancce
313 3084 368 3135 dies
384 3090 521 3152 <compatere
544 3091 651 3136 natatui
674 3094 706 3138 nt
757 3088 824 3137 lesus
842 3089 866 3136 in
885 3087 979 3137 loschr.
1001 3089 1024 3136 lx.
1041 3088 1114 3137 retr.
1131 3089 1188 3144 703,
1200 3090 1265 3141 24οι

196 3149 228 3198 de
244 3165 331 3212 poena
347 3153 467 3216 Paeonii,
485 3166 566 3218 qnam
585 3156 704 3219 prr'rnnan
755 3153 784 3203 t.
793 3154 902 3205 Valem‘c
910 3153 1005 3204 Voleso
1018 3153 1062 3204 Cn.
1072 3154 1156 3205 Cinna
1163 3156 1268 3222 Magno·

194 3221 331 3266 statueret.
756 3236 807 3271 aas,
826 3237 849 3269 u.
862 3220 905 3270 Or.
917 3224 997 3274 4539:
1017 3221 1063 3272 Cn.
1072 3221 1156 3273 Cinna
1163 3223 1264 3288 Magno

229 3283 252 3333 8.
271 3287 404 3334 sancitas
426 3285 491 3335 wird
511 3286 535 3335 in
554 3287 600 3337 der
617 3287 704 3338 hasten
755 3287 785 3338 L.
805 3287 914 3337 Valerio
933 3288 1028 3340 Voleso
1047 3305 1114 3352 eoa.;
1133 3293 1180 3341 aul
1194 3293 1270 3342 einer

194 3347 251 3398 Zeit
277 3366 324 3400 nur
347 3351 371 3401 in
391 3353 437 3403 der
455 3354 600 3417 Bedeutung
621 3362 704 3417 ‘augc-
754 3355 843 3406 Mdnze
861 3356 886 3404 b.
907 3355 971 3406 Mor.
984 3356 1070 3407 Valer.
1091 3359 1169 3410 uun
1187 3357 1264 3412 Nes

194 3417 306 3480 strengt’,
323 3419 598 3486 ‘geplagt'gebrauclxtt
620 3424 643 3471 io
659 3423 705 3473 der
755 3421 876 3473 Votieno.
913 3427 1037 3476 Boacnssr.
1084 3425 1142 3475 Seu.
1170 3427 1200 3475 de
1225 3426 1264 3477 ira
1295 3463 1302 3472 .

194 3484 339 3549 Bedcutuug
353 3489 443 3549 ‘gedbt’
453 3493 621 3541 exercitatus.
642 3489 703 3540 wie
753 3489 784 3540 lt.
797 3493 826 3542 5:
848 3489 959 3542 Volaenes
975 3507 1062 3558 nuper
1077 3496 1125 3543 eud
1139 3493 1270 3543 da'ooAn-

194 3553 250 3601 hier
266 3552 308 3602 bei
325 3551 426 3604 Neueru
452 3559 502 3606 uod
526 3559 563 3608 cll
580 3559 621 3608 bei
639 3557 700 3607 Tac.
752 3562 832 3622 gnato
853 3560 1001 3624 proeoneaal
1016 3560 1110 3625 Asiae,
1134 3577 1194 3611 earn
1213 3566 1283 3611 tre-1

192 3618 293 3672 1v.rt.
320 3621 388 3673 xlv.
405 3625 430 3674 2.
446 3627 487 3675 56.
519 3625 577 3676 XV.
590 3627 631 3678 16.
669 3626 699 3675 H.
754 3631 843 3676 centos
859 3643 913 3677 nno
932 3627 1269 3693 diasceuripereusuaaet,

192 3686 224 3737 ll.
237 3690 261 3738 4.
283 3688 324 3739 [V.
337 3692 361 3741 4.
754 3694 877 3744 incedens
894 3698 965 3748 inter
982 3695 1114 3745 cadavera
1131 3696 1205 3746 volta
1221 3711 1269 3744 su-

198 3776 202 3784 ¹
229 3757 265 3805 10.
285 3771 369 3821 neque
384 3785 419 3794 -
437 3757 560 3822 dedatur,
578 3758 638 3809 weil
658 3759 704 3810 der
753 3763 848 3826 perdo,
881 3765 960 3827 quasi
985 3764 1159 3826 magnificum
1188 3762 1269 3828 qnid--

191 3820 341 3882 Nnehweis,
373 3825 431 3875 dass
457 3841 486 3875 er
504 3835 583 3876 etwas
601 3827 705 3877 Uoricla-
755 3827 816 3878 dam
852 3830 1117 3896 conspiciendumque
1149 3830 1265 3894 scateret,

192 3889 256 3949 tiges
273 3890 417 3958 behauptet,
440 3894 524 3944 seinen
545 3894 642 3945 lldokel
659 3896 705 3946 be·
757 3885 855 3946 Graeca
882 3897 1061 3962 proclamauit
1092 3898 1124 3947 0.
1138 3913 1194 3946 rem
1222 3913 1269 3946 re*

190 3953 281 4018 leidiga
299 3959 376 4010 hatte.
496 3975 499 3981 ·
753 3965 846 4028 giam!
1165 3971 1169 3978 ¹
