2550 4350
141 290 204 354 loo
357 275 363 286 '
539 296 816 350 conuenissent
1089 301 1210 363 pann

138 458 253 520 maiora
275 453 403 533 pericula
427 450 590 524 subeunda,
617 450 823 511 delenimentis
844 468 980 512 curarum
1004 457 1033 511 et
1054 452 1205 530 periculo-

141 558 207 604 sum
230 538 388 600 carendum
411 555 490 597 esse.
527 535 652 596 Facilem
674 536 834 596 adsensum
850 534 932 594 (lello
956 535 1012 595 sub
1034 537 1209 599 nominibus

140 623 277 686 honestis
307 621 456 682 conlessio
485 620 625 681 vitiorum
653 629 683 680 et
712 618 871 680 similitudo
905 619 1085 680 audientium
1113 622 1206 684 dedit.

139 709 293 769 Adiecerat
314 714 344 766 et
365 705 503 765 'liberius
526 723 587 765 non
609 703 638 763 id
661 712 779 782 tempus
807 721 966 776 censurae,
995 723 1066 778 nec,
1095 705 1121 765 si
1144 706 1207 784 quit

51 783 56 789 ¹
140 793 171 853 in
193 791 328 852 moribus
350 790 478 860 labaret,
501 788 669 850 defuturum
692 787 856 866 corrigendi
880 795 1040 848 auctorem.
1216 802 1234 851 5

74 880 130 942 ,34
226 876 306 936 lnter
327 893 402 952 quae
422 873 457 934 L.
473 872 544 933 Piso
567 872 707 933 ambitum
729 872 801 944 lori,
825 879 965 950 corrupta
986 872 1108 945 iudicia,
1135 893 1205 934 sae-

138 960 239 1021 vitiam
272 967 424 1019 oratorum
456 957 661 1018 accusationes
699 955 895 1016 minitantium
933 956 1090 1035 increpans
1123 957 1207 1019 abire

139 1063 173 1105 se
196 1051 225 1103 et
246 1043 352 1104 cedere
374 1041 464 1111 urbe,
495 1041 640 1101 victurum
671 1041 699 1099 in
728 1039 826 1119 aliquo
854 1039 955 1100 abdito
986 1049 1016 1100 et
1043 1041 1206 1119 longinquo

138 1144 211 1189 rure
232 1125 411 1196 testabatur:
435 1122 522 1182 simul
544 1123 654 1183 curiam
669 1123 860 1201 relinquebat.
898 1123 1072 1185 Commotus
1087 1141 1133 1186 est
1148 1127 1203 1187 Τί-

138 1212 256 1281 berius,
287 1216 317 1269 et
344 1223 520 1285 quamquam
548 1205 669 1266 mitibus
697 1208 796 1267 verbis
819 1207 959 1268 Pisonem
985 1208 1247 1286 permulsissetto

139 1294 323 1374 propinquos
346 1308 462 1368 quoque
493 1289 566 1349 eius'
585 1289 699 1367 impulit
722 1299 753 1350 ut
774 1290 932 1351 abeuntem
963 1289 1138 1354 auctoritate
1160 1295 1206 1356 vel
1237 1364 1240 1371 p

138 1377 286 1457 precibus·
305 1381 450 1435 tenerent.
501 1372 584 1433 llaud
613 1373 712 1434 minus
740 1373 824 1432 liberi
852 1375 965 1435 doloris
994 1376 1205 1439 documentum

139 1461 217 1522 idem
239 1452 311 1520 Piso
333 1476 402 1518 mox
424 1456 505 1517 dedit
531 1465 633 1517 vocata
661 1457 692 1540 in
720 1456 766 1516 ius
788 1457 962 1536 Urgulania,
997 1479 1083 1538 quam
1114 1480 1206 1542 supra

137 1545 219 1621 leges
235 1541 360 1604 amicitia
376 1543 523 1619 Augustae
546 1540 698 1601 extulerat.
734 1541 794 1601 Nec
809 1551 859 1603 aut
874 1543 1029 1621 Urgulania
1046 1545 1203 1624 obtempe-

87 1661 88 1666 κ
138 1628 228 1699 ravit,
257 1628 287 1686 in
310 1627 430 1686 domum
447 1625 581 1685 Caesaris
605 1634 706 1703 spreto
731 1625 840 1686 Pisone
863 1635 961 1700 vecta,
990 1637 1041 1688 aut
1061 1630 1109 1689 ille
1131 1632 1249 1694 abs-15

139 1713 246 1782 cessit,
280 1727 455 1789 quamquam
477 1710 607 1787 Angusta
630 1728 663 1769 se
687 1708 789 1769 violari
812 1719 841 1770 et
862 1709 995 1772 imminui
1018 1722 1203 1790 quereretur.

136 1790 275 1857 'liberius
298 1795 438 1855 hactenus
461 1792 614 1871 indulgere
642 1793 728 1853 matri
757 1792 841 1854 civile
871 1805 953 1856 ratus
983 1804 1015 1859 ut
1038 1815 1071 1858 se
1093 1793 1205 1860 iturum

137 1881 174 1942 ad
196 1878 342 1956 praetoris
366 1877 503 1947 tribunal,
526 1878 695 1938 adiuturum
711 1876 886 1955 Urgulaniae
909 1879 1030 1951 diceret,
1052 1883 1204 1959 processit

135 1963 258 2035 Palatio,
280 1962 383 2040 procul
406 1962 490 2041 sequi
513 1962 604 2022 iussis
627 1960 779 2022 militibus.
813 1962 1006 2042 Spectabatnr
1028 1976 1204 2028 occursante

135 2047 247 2129 populo
275 2047 459 2126 compositus
488 2064 540 2106 ore
568 2056 598 2105 et
628 2045 817 2107 sermonibus
845 2047 935 2107 variis
965 2056 1082 2127 tempus
1112 2061 1245 2129 etquett)

137 2132 194 2193 iter
216 2130 344 2203 ducens,
378 2131 473 2191 donec
502 2130 677 2208 propinquis
699 2131 840 2192 Pisonem
868 2133 977 2193 frustra
999 2135 1204 2196 coercentibus

136 2215 247 2277 delerri
262 2215 391 2292 Augusta
412 2215 567 2291 pecuniam
589 2233 662 2292 quae
683 2215 839 2292 petebatur
860 2216 984 2277 iuberet
1021 2217 1109 2294 Isque
1132 2219 1204 2280 linis

136 2300 197 2373 rei3
220 2317 256 2359 ex
279 2317 336 2376 qrra
357 2316 453 2375 neque
467 2297 537 2358 Piso
560 2297 706 2376 inglorius
730 2307 760 2360 ct
775 2299 883 2359 Caesar
904 2301 1016 2360 maiore
1038 2302 1113 2362 lama
1136 2304 1201 2365 suit.

131 2496 178 2549 lul.
214 2504 277 2547 stall
309 2496 380 2545 eines
415 2497 643 2561 conjunctiviseben
693 2497 743 2547 und
770 2498 845 2546 sebon
874 2497 915 2548 bei
944 2499 991 2549 den
1018 2499 1124 2552 dltesten
1155 2505 1207 2554 und

132 2564 236 2622 beluus,
266 2563 348 2612 iudom
373 2563 419 2613 der
435 2563 579 2616 Nebcusutz
598 2567 644 2617 der
691 2565 778 2614 besteu
798 2564 1003 2617 Sebriltstellern.
1052 2568 1078 2620 S.
1098 2569 1205 2621 Mattbid

132 2633 216 2686 oratio
227 2631 329 2696 obliqua
338 2630 643 2700 ehensowiederHaupt·
692 2630 709 2697 ὅ
723 2634 781 2684 538.

132 2707 188 2750 salz
205 2698 341 2750 bebuodelt
357 2700 399 2749 ist.
436 2701 464 2750 B.
487 2700 557 2767 llisp.
576 2704 640 2758 lm
727 2701 750 2750 3.
769 2698 900 2761 confessio
917 2703 1060 2752 uitiorum:
1083 2703 1129 2753 dor
1144 2704 1206 2754 ¹Urn-

131 2781 216 2832 nepne
239 2771 317 2816 euna
344 2767 444 2817 vallum
470 2769 550 2819 licere
567 2771 642 2819 exire
692 2768 766 2817 stand
784 2767 846 2818 dass
861 2783 917 2818 nran
944 2770 995 2819 sicli
1015 2770 1083 2819 nicht
1100 2772 1206 2823 sebeute

130 2835 186 2897 nni
202 2834 367 2898 discinctum,
391 2835 492 2886 idcirco
510 2837 589 2902 qnod,
608 2851 642 2886 ec
693 2835 733 2885 die
752 2834 846 2885 Luster
864 2837 1051 2896 eiuzugestebn.

131 2916 183 2964 qno
196 2901 434 2967 oppidumAregoa
448 2909 515 2954 esset
526 2908 640 2969 captum,
725 2905 748 2953 4.
769 2917 912 2952 umorue:
930 2918 958 2951 so
969 2904 1028 2952 cluss
1044 2917 1101 2951 man
1117 2905 1207 2958 solcbe

128 2972 202 3017 melu
225 2972 383 3020 conterritos
406 2971 555 3037 complures
579 2985 641 3019 con-
691 2966 901 3029 durcbgrei'lende
919 2969 967 3018 und
981 2969 1207 3030 ollgerneineden·

129 3033 225 3100 {tegere
242 3039 271 3085 in
282 3037 446 3088 Baetumam.
476 3035 636 3088 cccxxvi.
690 3035 1023 3096 deruugeumucbensolltc.
1044 3035 1202 3098 Vgl.lll.34.

128 3103 170 3160 ll,
183 3104 214 3154 12
231 3102 294 3154 ideo
317 3120 345 3154 sc
369 3106 506 3155 moenibus
522 3102 639 3152 inclusos
722 3093 771 3156 84.
798 3102 820 3151 6.
839 3101 914 3150 Inter
930 3117 1013 3166 quoe:
1036 3103 1078 3153 bei
1104 3105 1202 3159 decim

129 3173 286 3234 unmeeos,
305 3171 639 3236 pneumatomachum
687 3167 910 3228 verborgelrendcn
944 3169 1008 3236 Kup.
1043 3170 1202 3226 beriebteteu

128 3236 235 3301 unqua,
267 3239 340 3288 uelut
365 3239 440 3300 feros
466 3236 561 3286 leenae
586 3249 638 3299 per
686 3231 875 3298 Verbaodluug.
919 3237 956 3287 Er
980 3247 1052 3302 sagte
1075 3241 1120 3291 das
1144 3243 1202 3294 rol-

127 3318 211 3368 ugroc
233 3309 336 3370 uagari.
379 3303 410 3354 ll.
427 3305 497 3360 tus
518 3316 587 3366 prae
609 3316 638 3349 ee
687 3300 775 3362 gentle,
798 3301 836 3351 uls
848 3318 878 3353 er
890 3303 1202 3374 beiJenerVerhandlunss

126 3370 208 3435 ferre,
225 3370 453 3437 queamdmodum,
479 3370 504 3417 si
520 3381 575 3417 non
592 3367 636 3417 de·
687 3367 757 3418 scine
775 3367 879 3421 Stimme
897 3373 987 3437 abgub.
1025 3375 1083 3438 Vgl.
1101 3375 1201 3430 ilisa.

128 3437 210 3489 dulor
227 3441 308 3502 obses,
330 3451 381 3502 pro
399 3440 478 3499 rupto
495 3433 591 3495 foedus
608 3451 636 3484 se
722 3437 849 3488 ambitum
865 3440 936 3506 fori,
960 3441 1001 3492 bei
1028 3444 1076 3493 deu
1095 3444 1200 3496 Gerieb·

127 3505 337 3568 bellemensis
349 3500 466 3550 deditam
479 3501 636 3551 inuiolatam
687 3509 738 3560 teo.
759 3505 810 3554 wie
828 3506 848 3556 l.
863 3511 886 3559 2.
900 3512 941 3561 75.

120 3570 165 3624 'ad
180 3589 242 3624 enoc
259 3571 436 3621 renuntiarunt
463 3565 634 3620 tuentur
723 3573 762 3624 13.
784 3572 941 3639 Urgulania.
972 3576 1028 3639 Vgl.
1048 3595 1080 3627 zu
1097 3578 1199 3632 lV.'22.

127 3630 482 3700 bonorificnmidrnilitldos
492 3635 559 3700 fore,
572 3651 636 3702 qno·
687 3636 744 3690 lbre
768 3641 874 3692 Eukelin
898 3643 1006 3693 Plautia
1027 3643 1199 3710 Urgulanilla

125 3722 187 3761 rum
203 3705 330 3767 snutrein,
348 3703 380 3749 ul
390 3699 534 3765 largitione
543 3709 570 3753 ct
580 3719 636 3755 um·
686 3720 745 3758 wur
762 3708 892 3760 Gemubliu
910 3710 955 3760 dos
973 3713 1074 3777 spaltern
1092 3713 1198 3766 Kaisers

125 3776 184 3825 pm
198 3766 406 3832 mleadqniri,
431 3770 636 3836 stapletonus
688 3773 817 3826 Claudius.
855 3777 925 3828 Suet.
947 3777 1036 3829 Claud.
1056 3783 1098 3833 26.

125 3845 197 3890 artos
214 3836 281 3885 boul
296 3835 481 3901 spernendum.
508 3839 544 3890 lm
563 3839 636 3891 Grie-
707 3840 761 3894 rs.
776 3845 875 3910 procul
891 3848 967 3909 sequi
983 3849 1062 3898 iussn
1077 3849 1132 3899 mil
1167 3849 1198 3901 S.

123 3904 241 3956 eltisclreu
266 3903 344 3990 llndct
366 3903 418 3954 siolr
443 3906 498 3957 dies
522 3908 636 3972 baiuliger
687 3907 706 3960 l.
722 3913 747 3961 l.
824 3927 830 3938 ·
