<?xml version="1.0" encoding="UTF-8"?>
<!DOCTYPE html PUBLIC "-//W3C//DTD XHTML 1.0 Transitional//EN"
    "http://www.w3.org/TR/xhtml1/DTD/xhtml1-transitional.dtd">
<html xmlns="http://www.w3.org/1999/xhtml" xml:lang="en" lang="en">
 <head>
  <title>
</title>
<meta http-equiv="Content-Type" content="text/html;charset=utf-8" />
  <meta name='ocr-system' content='tesseract 3.04.00' />
  <meta name='ocr-capabilities' content='ocr_page ocr_carea ocr_par ocr_line ocrx_word'/>
</head>
<body>
  <div class='ocr_page' id='page_1' title='image "./corneliustacitu00claugoog_0307.png"; bbox 0 0 2550 4350; ppageno 0'>
   <div class='ocr_carea' id='block_1_1' title="bbox 144 291 817 353">
    <p class='ocr_par' dir='ltr' id='par_1_1' title="bbox 144 291 817 353">
     <span class='ocr_line' id='line_1_1' title="bbox 144 291 817 353; baseline -0.006 -1"><span class='ocrx_word' id='word_1_1' title='bbox 144 291 207 353; x_wconf 82' lang='grc'>264</span> <span class='ocrx_word' id='word_1_2' title='bbox 541 296 686 349; x_wconf 81' lang='lat' dir='ltr'>CORNELI</span> <span class='ocrx_word' id='word_1_3' title='bbox 705 296 817 349; x_wconf 75' lang='lat' dir='ltr'>TACl‘ll</span> 
     </span>
    </p>
   </div>
   <div class='ocr_carea' id='block_1_2' title="bbox 1042 279 1212 364">
    <p class='ocr_par' dir='ltr' id='par_1_2' title="bbox 1042 279 1212 364">
     <span class='ocr_line' id='line_1_2' title="bbox 1042 279 1212 364; baseline 0.018 -17"><span class='ocrx_word' id='word_1_4' title='bbox 1042 279 1044 288; x_wconf 73' lang='grc'>’</span> <span class='ocrx_word' id='word_1_5' title='bbox 1089 303 1212 364; x_wconf 63' lang='lat' dir='ltr'>(suast</span> 
     </span>
    </p>
   </div>
   <div class='ocr_carea' id='block_1_3' title="bbox 75 452 1254 2726">
    <p class='ocr_par' dir='ltr' id='par_1_3' title="bbox 142 452 1211 781">
     <span class='ocr_line' id='line_1_3' title="bbox 142 452 1210 533; baseline -0.001 -17"><span class='ocrx_word' id='word_1_6' title='bbox 142 463 272 516; x_wconf 75' lang='lat' dir='ltr'><strong>strueret</strong></span> <span class='ocrx_word' id='word_1_7' title='bbox 294 453 411 524; x_wconf 91' lang='lat' dir='ltr'>dolum,</span> <span class='ocrx_word' id='word_1_8' title='bbox 443 452 533 525; x_wconf 85' lang='lat' dir='ltr'>ceteri</span> <span class='ocrx_word' id='word_1_9' title='bbox 557 460 648 512; x_wconf 88' lang='lat' dir='ltr'>testes</span> <span class='ocrx_word' id='word_1_10' title='bbox 671 452 829 523; x_wconf 80' lang='lat' dir='ltr'><strong>adessent,</strong></span> <span class='ocrx_word' id='word_1_11' title='bbox 860 452 965 511; x_wconf 88' lang='lat' dir='ltr'>deinde</span> <span class='ocrx_word' id='word_1_12' title='bbox 989 453 1210 533; x_wconf 78' lang='lat' dir='ltr'>accusationem</span> 
     </span>
     <span class='ocr_line' id='line_1_4' title="bbox 142 536 1211 617; baseline -0.001 -18"><span class='ocrx_word' id='word_1_13' title='bbox 142 540 316 617; x_wconf 75' lang='lat' dir='ltr'>inciperent.</span> <span class='ocrx_word' id='word_1_14' title='bbox 352 537 443 613; x_wconf 79' lang='lat' dir='ltr'>lgitur</span> <span class='ocrx_word' id='word_1_15' title='bbox 463 536 588 596; x_wconf 86' lang='lat' dir='ltr'>Latiaris</span> <span class='ocrx_word' id='word_1_16' title='bbox 612 537 707 598; x_wconf 88' lang='lat' dir='ltr'>iacere</span> <span class='ocrx_word' id='word_1_17' title='bbox 730 537 868 596; x_wconf 87' lang='lat' dir='ltr'>fortuitos</span> <span class='ocrx_word' id='word_1_18' title='bbox 891 536 1018 614; x_wconf 90' lang='lat' dir='ltr'>primum</span> <span class='ocrx_word' id='word_1_19' title='bbox 1043 555 1211 613; x_wconf 89' lang='lat' dir='ltr'>sermones,</span> 
     </span>
     <span class='ocr_line' id='line_1_5' title="bbox 142 622 1210 700; baseline 0 -17"><span class='ocrx_word' id='word_1_20' title='bbox 142 642 211 683; x_wconf 84' lang='lat' dir='ltr'>mox</span> <span class='ocrx_word' id='word_1_21' title='bbox 233 623 352 682; x_wconf 89' lang='lat' dir='ltr'>laudare</span> <span class='ocrx_word' id='word_1_22' title='bbox 376 622 583 691; x_wconf 87' lang='lat' dir='ltr'>constantiam,</span> <span class='ocrx_word' id='word_1_23' title='bbox 607 622 685 700; x_wconf 89' lang='lat' dir='ltr'>quod</span> <span class='ocrx_word' id='word_1_24' title='bbox 709 640 780 691; x_wconf 92' lang='lat' dir='ltr'>non,</span> <span class='ocrx_word' id='word_1_25' title='bbox 803 631 836 680; x_wconf 90' lang='lat' dir='ltr'>ut</span> <span class='ocrx_word' id='word_1_26' title='bbox 858 623 959 691; x_wconf 88' lang='lat' dir='ltr'>ceteri,</span> <span class='ocrx_word' id='word_1_27' title='bbox 993 622 1129 682; x_wconf 89' lang='lat' dir='ltr'>llorentis</span> <span class='ocrx_word' id='word_1_28' title='bbox 1153 623 1210 683; x_wconf 91' lang='lat' dir='ltr'>do-</span> 
     </span>
     <span class='ocr_line' id='line_1_6' title="bbox 142 704 1210 781; baseline 0 -13"><span class='ocrx_word' id='word_1_29' title='bbox 142 726 208 768; x_wconf 91' lang='lat' dir='ltr'>mus</span> <span class='ocrx_word' id='word_1_30' title='bbox 232 706 343 768; x_wconf 89' lang='lat' dir='ltr'>amicus</span> <span class='ocrx_word' id='word_1_31' title='bbox 365 706 509 781; x_wconf 86' lang='lat' dir='ltr'>adllictam</span> <span class='ocrx_word' id='word_1_32' title='bbox 533 707 733 778; x_wconf 61' lang='lat' dir='ltr'>deseruissem</span> <span class='ocrx_word' id='word_1_33' title='bbox 764 704 852 766; x_wconf 89' lang='lat' dir='ltr'>simul</span> <span class='ocrx_word' id='word_1_34' title='bbox 882 707 996 764; x_wconf 81' lang='lat' dir='ltr'>bonore</span> <span class='ocrx_word' id='word_1_35' title='bbox 1024 706 1060 766; x_wconf 88' lang='lat' dir='ltr'>de</span> <span class='ocrx_word' id='word_1_36' title='bbox 1084 706 1210 768; x_wconf 88' lang='lat' dir='ltr'>Germa-</span> 
     </span>
    </p>

    <p class='ocr_par' dir='ltr' id='par_1_4' title="bbox 75 790 1238 1210">
     <span class='ocr_line' id='line_1_7' title="bbox 142 790 1238 869; baseline 0.003 -17"><span class='ocrx_word' id='word_1_37' title='bbox 142 793 211 852; x_wconf 88' lang='lat' dir='ltr'>nico</span> <span class='ocrx_word' id='word_1_38' title='bbox 232 791 421 869; x_wconf 79' lang='lat' dir='ltr'>Agrippinam</span> <span class='ocrx_word' id='word_1_39' title='bbox 445 790 591 850; x_wconf 82' lang='lat' dir='ltr'>irriserans</span> <span class='ocrx_word' id='word_1_40' title='bbox 614 790 789 850; x_wconf 82' lang='lat' dir='ltr'>disserebat.</span> <span class='ocrx_word' id='word_1_41' title='bbox 833 790 869 849; x_wconf 83' lang='lat' dir='ltr'>Et</span> <span class='ocrx_word' id='word_1_42' title='bbox 890 800 1047 868; x_wconf 86' lang='lat' dir='ltr'>postquam</span> <span class='ocrx_word' id='word_1_43' title='bbox 1070 791 1238 865; x_wconf 84' lang='lat' dir='ltr'>Sabinus,5</span> 
     </span>
     <span class='ocr_line' id='line_1_8' title="bbox 143 874 1211 944; baseline 0 -7"><span class='ocrx_word' id='word_1_44' title='bbox 143 887 176 938; x_wconf 90' lang='lat' dir='ltr'>ut</span> <span class='ocrx_word' id='word_1_45' title='bbox 198 886 268 937; x_wconf 88' lang='lat' dir='ltr'>sunt</span> <span class='ocrx_word' id='word_1_46' title='bbox 291 876 394 936; x_wconf 87' lang='lat' dir='ltr'>molles</span> <span class='ocrx_word' id='word_1_47' title='bbox 417 876 447 934; x_wconf 92' lang='lat' dir='ltr'>in</span> <span class='ocrx_word' id='word_1_48' title='bbox 470 874 633 936; x_wconf 88' lang='lat' dir='ltr'>calamitate</span> <span class='ocrx_word' id='word_1_49' title='bbox 657 875 824 935; x_wconf 89' lang='lat' dir='ltr'>mortalium</span> <span class='ocrx_word' id='word_1_50' title='bbox 856 874 962 944; x_wconf 92' lang='lat' dir='ltr'>animi,</span> <span class='ocrx_word' id='word_1_51' title='bbox 997 875 1101 936; x_wconf 82' lang='lat' dir='ltr'>alludit</span> <span class='ocrx_word' id='word_1_52' title='bbox 1122 877 1211 937; x_wconf 89' lang='lat' dir='ltr'>lacri-</span> 
     </span>
     <span class='ocr_line' id='line_1_9' title="bbox 143 952 1211 1037; baseline 0 -16"><span class='ocrx_word' id='word_1_53' title='bbox 143 979 223 1031; x_wconf 90' lang='lat' dir='ltr'>mas,</span> <span class='ocrx_word' id='word_1_54' title='bbox 253 961 348 1020; x_wconf 85' lang='lat' dir='ltr'>iunxit</span> <span class='ocrx_word' id='word_1_55' title='bbox 369 952 509 1037; x_wconf 79' lang='lat' dir='ltr'>questus,</span> <span class='ocrx_word' id='word_1_56' title='bbox 540 960 696 1021; x_wconf 88' lang='lat' dir='ltr'>audentius</span> <span class='ocrx_word' id='word_1_57' title='bbox 719 963 776 1019; x_wconf 90' lang='lat' dir='ltr'>iam</span> <span class='ocrx_word' id='word_1_58' title='bbox 801 968 904 1018; x_wconf 91' lang='lat' dir='ltr'>onerat</span> <span class='ocrx_word' id='word_1_59' title='bbox 925 959 1082 1030; x_wconf 85' lang='lat' dir='ltr'>Seianum,</span> <span class='ocrx_word' id='word_1_60' title='bbox 1113 962 1211 1021; x_wconf 87' lang='lat' dir='ltr'>saevi-</span> 
     </span>
     <span class='ocr_line' id='line_1_10' title="bbox 144 1043 1210 1123; baseline 0.001 -18"><span class='ocrx_word' id='word_1_61' title='bbox 144 1047 213 1106; x_wconf 90' lang='lat' dir='ltr'>tiam</span> <span class='ocrx_word' id='word_1_62' title='bbox 237 1045 405 1123; x_wconf 88' lang='lat' dir='ltr'>superbiam</span> <span class='ocrx_word' id='word_1_63' title='bbox 429 1063 497 1122; x_wconf 92' lang='lat' dir='ltr'>spes</span> <span class='ocrx_word' id='word_1_64' title='bbox 521 1045 596 1104; x_wconf 78' lang='lat' dir='ltr'>eius,</span> <span class='ocrx_word' id='word_1_65' title='bbox 639 1045 682 1105; x_wconf 90' lang='lat' dir='ltr'>Ne</span> <span class='ocrx_word' id='word_1_66' title='bbox 705 1044 734 1103; x_wconf 94' lang='lat' dir='ltr'>in</span> <span class='ocrx_word' id='word_1_67' title='bbox 758 1043 908 1103; x_wconf 84' lang='lat' dir='ltr'>Tiberium</span> <span class='ocrx_word' id='word_1_68' title='bbox 938 1045 1055 1121; x_wconf 91' lang='lat' dir='ltr'>quidem</span> <span class='ocrx_word' id='word_1_69' title='bbox 1079 1045 1210 1106; x_wconf 89' lang='lat' dir='ltr'>convicio</span> 
     </span>
     <span class='ocr_line' id='line_1_11' title="bbox 75 1128 1211 1210; baseline 0 -20"><span class='ocrx_word' id='word_1_70' title='bbox 75 1154 78 1159; x_wconf 64' lang='grc'>’</span> <span class='ocrx_word' id='word_1_71' title='bbox 141 1130 279 1190; x_wconf 89' lang='lat' dir='ltr'>abstinet.</span> <span class='ocrx_word' id='word_1_72' title='bbox 324 1129 405 1206; x_wconf 91' lang='lat' dir='ltr'>lique</span> <span class='ocrx_word' id='word_1_73' title='bbox 427 1146 600 1199; x_wconf 86' lang='lat' dir='ltr'>sermones,</span> <span class='ocrx_word' id='word_1_74' title='bbox 623 1139 771 1206; x_wconf 83' lang='lat' dir='ltr'>tamquam</span> <span class='ocrx_word' id='word_1_75' title='bbox 795 1129 883 1188; x_wconf 87' lang='lat' dir='ltr'>vetita</span> <span class='ocrx_word' id='word_1_76' title='bbox 906 1128 1115 1201; x_wconf 87' lang='lat' dir='ltr'>miscuissent,</span> <span class='ocrx_word' id='word_1_77' title='bbox 1138 1149 1211 1210; x_wconf 90' lang='lat' dir='ltr'>spe-</span> 
     </span>
    </p>

    <p class='ocr_par' dir='ltr' id='par_1_5' title="bbox 90 1211 1254 1629">
     <span class='ocr_line' id='line_1_12' title="bbox 142 1211 1254 1290; baseline 0.002 -16"><span class='ocrx_word' id='word_1_78' title='bbox 142 1216 215 1275; x_wconf 93' lang='lat' dir='ltr'>ciem</span> <span class='ocrx_word' id='word_1_79' title='bbox 239 1222 319 1273; x_wconf 90' lang='lat' dir='ltr'>artae</span> <span class='ocrx_word' id='word_1_80' title='bbox 341 1213 486 1273; x_wconf 83' lang='lat' dir='ltr'>amicitiae</span> <span class='ocrx_word' id='word_1_81' title='bbox 508 1214 614 1272; x_wconf 81' lang='lat' dir='ltr'>lucere.</span> <span class='ocrx_word' id='word_1_82' title='bbox 666 1213 707 1272; x_wconf 85' lang='lat' dir='ltr'>Ac</span> <span class='ocrx_word' id='word_1_83' title='bbox 729 1213 786 1272; x_wconf 93' lang='lat' dir='ltr'>iam</span> <span class='ocrx_word' id='word_1_84' title='bbox 811 1213 887 1272; x_wconf 92' lang='lat' dir='ltr'>ultro</span> <span class='ocrx_word' id='word_1_85' title='bbox 912 1211 1039 1281; x_wconf 86' lang='lat' dir='ltr'>Sabinus</span> <span class='ocrx_word' id='word_1_86' title='bbox 1069 1228 1254 1290; x_wconf 84' lang='lat' dir='ltr'>quaerereto</span> 
     </span>
     <span class='ocr_line' id='line_1_13' title="bbox 144 1296 1215 1380; baseline 0.001 -22"><span class='ocrx_word' id='word_1_87' title='bbox 144 1299 302 1370; x_wconf 89' lang='lat' dir='ltr'>Latiarem,</span> <span class='ocrx_word' id='word_1_88' title='bbox 326 1299 468 1357; x_wconf 90' lang='lat' dir='ltr'>ventitare</span> <span class='ocrx_word' id='word_1_89' title='bbox 491 1297 621 1368; x_wconf 86' lang='lat' dir='ltr'>domum,</span> <span class='ocrx_word' id='word_1_90' title='bbox 645 1296 765 1356; x_wconf 91' lang='lat' dir='ltr'>dolores</span> <span class='ocrx_word' id='word_1_91' title='bbox 790 1316 862 1356; x_wconf 92' lang='lat' dir='ltr'>suos</span> <span class='ocrx_word' id='word_1_92' title='bbox 879 1297 963 1374; x_wconf 89' lang='lat' dir='ltr'>quasi</span> <span class='ocrx_word' id='word_1_93' title='bbox 984 1298 1019 1356; x_wconf 88' lang='lat' dir='ltr'>ad</span> <span class='ocrx_word' id='word_1_94' title='bbox 1036 1297 1215 1380; x_wconf 86' lang='lat' dir='ltr'>fidissimum</span> 
     </span>
     <span class='ocr_line' id='line_1_14' title="bbox 90 1380 1212 1462; baseline -0.004 -14"><span class='ocrx_word' id='word_1_95' title='bbox 90 1385 268 1448; x_wconf 74' lang='lat' dir='ltr'>aubeterre.</span> <span class='ocrx_word' id='word_1_96' title='bbox 320 1382 495 1442; x_wconf 83' lang='lat' dir='ltr'>Consultant</span> <span class='ocrx_word' id='word_1_97' title='bbox 517 1401 591 1459; x_wconf 88' lang='lat' dir='ltr'>quos</span> <span class='ocrx_word' id='word_1_98' title='bbox 614 1381 792 1453; x_wconf 89' lang='lat' dir='ltr'>memoravi,</span> <span class='ocrx_word' id='word_1_99' title='bbox 822 1399 949 1459; x_wconf 90' lang='lat' dir='ltr'>quonam</span> <span class='ocrx_word' id='word_1_100' title='bbox 974 1383 1063 1441; x_wconf 91' lang='lat' dir='ltr'>modo</span> <span class='ocrx_word' id='word_1_101' title='bbox 1087 1402 1120 1442; x_wconf 94' lang='lat' dir='ltr'>ea</span> <span class='ocrx_word' id='word_1_102' title='bbox 1143 1380 1212 1462; x_wconf 87' lang='lat' dir='ltr'>plu-</span> 
     </span>
     <span class='ocr_line' id='line_1_15' title="bbox 141 1465 1211 1543; baseline -0.001 -14"><span class='ocrx_word' id='word_1_103' title='bbox 141 1469 217 1530; x_wconf 91' lang='lat' dir='ltr'>rium</span> <span class='ocrx_word' id='word_1_104' title='bbox 240 1467 340 1528; x_wconf 91' lang='lat' dir='ltr'>auditu</span> <span class='ocrx_word' id='word_1_105' title='bbox 363 1466 574 1543; x_wconf 90' lang='lat' dir='ltr'>acciperentur.</span> <span class='ocrx_word' id='word_1_106' title='bbox 628 1466 701 1525; x_wconf 90' lang='lat' dir='ltr'>Nam</span> <span class='ocrx_word' id='word_1_107' title='bbox 722 1465 788 1534; x_wconf 91' lang='lat' dir='ltr'>loco</span> <span class='ocrx_word' id='word_1_108' title='bbox 813 1465 842 1524; x_wconf 91' lang='lat' dir='ltr'>in</span> <span class='ocrx_word' id='word_1_109' title='bbox 866 1484 953 1543; x_wconf 89' lang='lat' dir='ltr'>quem</span> <span class='ocrx_word' id='word_1_110' title='bbox 977 1466 1120 1538; x_wconf 87' lang='lat' dir='ltr'>coibatur,</span> <span class='ocrx_word' id='word_1_111' title='bbox 1145 1487 1211 1528; x_wconf 92' lang='lat' dir='ltr'>ser-</span> 
     </span>
     <span class='ocr_line' id='line_1_16' title="bbox 142 1551 1212 1629; baseline 0.001 -17"><span class='ocrx_word' id='word_1_112' title='bbox 142 1553 234 1613; x_wconf 86' lang='lat' dir='ltr'>vanda</span> <span class='ocrx_word' id='word_1_113' title='bbox 258 1551 425 1629; x_wconf 84' lang='lat' dir='ltr'>solitudinis</span> <span class='ocrx_word' id='word_1_114' title='bbox 455 1552 561 1623; x_wconf 81' lang='lat' dir='ltr'>lacies3</span> <span class='ocrx_word' id='word_1_115' title='bbox 599 1559 627 1610; x_wconf 93' lang='lat' dir='ltr'>et</span> <span class='ocrx_word' id='word_1_116' title='bbox 651 1552 676 1609; x_wconf 90' lang='lat' dir='ltr'>si</span> <span class='ocrx_word' id='word_1_117' title='bbox 699 1563 778 1629; x_wconf 92' lang='lat' dir='ltr'>pone</span> <span class='ocrx_word' id='word_1_118' title='bbox 801 1552 880 1609; x_wconf 87' lang='lat' dir='ltr'>lares</span> <span class='ocrx_word' id='word_1_119' title='bbox 905 1551 1100 1622; x_wconf 89' lang='lat' dir='ltr'>adsisterent,</span> <span class='ocrx_word' id='word_1_120' title='bbox 1131 1563 1212 1613; x_wconf 90' lang='lat' dir='ltr'>metu</span> 
     </span>
    </p>

    <p class='ocr_par' dir='ltr' id='par_1_6' title="bbox 83 1635 1252 2049">
     <span class='ocr_line' id='line_1_17' title="bbox 83 1635 1252 1713; baseline 0.003 -17"><span class='ocrx_word' id='word_1_121' title='bbox 83 1650 85 1654; x_wconf 82' lang='grc'><strong>“</strong></span> <span class='ocrx_word' id='word_1_122' title='bbox 141 1637 239 1707; x_wconf 90' lang='lat' dir='ltr'>visus,</span> <span class='ocrx_word' id='word_1_123' title='bbox 275 1636 391 1695; x_wconf 85' lang='lat' dir='ltr'>sonitus</span> <span class='ocrx_word' id='word_1_124' title='bbox 425 1645 474 1695; x_wconf 92' lang='lat' dir='ltr'>aut</span> <span class='ocrx_word' id='word_1_125' title='bbox 508 1637 584 1694; x_wconf 88' lang='lat' dir='ltr'>lorte</span> <span class='ocrx_word' id='word_1_126' title='bbox 619 1643 702 1694; x_wconf 88' lang='lat' dir='ltr'>ortae</span> <span class='ocrx_word' id='word_1_127' title='bbox 730 1635 911 1713; x_wconf 89' lang='lat' dir='ltr'>suspicionis</span> <span class='ocrx_word' id='word_1_128' title='bbox 941 1644 1034 1694; x_wconf 91' lang='lat' dir='ltr'>erant.</span> <span class='ocrx_word' id='word_1_129' title='bbox 1087 1636 1211 1698; x_wconf 84' lang='lat' dir='ltr'>Tectum</span> <span class='ocrx_word' id='word_1_130' title='bbox 1225 1650 1252 1698; x_wconf 83' lang='lat'>15</span> 
     </span>
     <span class='ocr_line' id='line_1_18' title="bbox 142 1718 1213 1797; baseline 0.002 -17"><span class='ocrx_word' id='word_1_131' title='bbox 142 1721 220 1782; x_wconf 91' lang='lat' dir='ltr'>inter</span> <span class='ocrx_word' id='word_1_132' title='bbox 242 1728 271 1780; x_wconf 93' lang='lat' dir='ltr'>et</span> <span class='ocrx_word' id='word_1_133' title='bbox 292 1718 439 1797; x_wconf 89' lang='lat' dir='ltr'>laquearia</span> <span class='ocrx_word' id='word_1_134' title='bbox 463 1729 525 1779; x_wconf 89' lang='lat' dir='ltr'>tres</span> <span class='ocrx_word' id='word_1_135' title='bbox 554 1730 726 1792; x_wconf 87' lang='lat' dir='ltr'>senatores,</span> <span class='ocrx_word' id='word_1_136' title='bbox 759 1719 835 1779; x_wconf 90' lang='lat' dir='ltr'>haud</span> <span class='ocrx_word' id='word_1_137' title='bbox 864 1719 962 1779; x_wconf 92' lang='lat' dir='ltr'>minus</span> <span class='ocrx_word' id='word_1_138' title='bbox 992 1719 1069 1796; x_wconf 89' lang='lat' dir='ltr'>turpi</span> <span class='ocrx_word' id='word_1_139' title='bbox 1099 1721 1213 1784; x_wconf 86' lang='lat' dir='ltr'>latebra</span> 
     </span>
     <span class='ocr_line' id='line_1_19' title="bbox 142 1804 1212 1884; baseline 0.001 -19"><span class='ocrx_word' id='word_1_140' title='bbox 142 1824 229 1884; x_wconf 90' lang='lat' dir='ltr'>quam</span> <span class='ocrx_word' id='word_1_141' title='bbox 258 1804 432 1865; x_wconf 90' lang='lat' dir='ltr'>detestanda</span> <span class='ocrx_word' id='word_1_142' title='bbox 465 1804 585 1874; x_wconf 90' lang='lat' dir='ltr'>lraude,</span> <span class='ocrx_word' id='word_1_143' title='bbox 625 1823 695 1864; x_wconf 90' lang='lat' dir='ltr'>sese</span> <span class='ocrx_word' id='word_1_144' title='bbox 728 1804 921 1876; x_wconf 80' lang='lat' dir='ltr'>abstrudunt3</span> <span class='ocrx_word' id='word_1_145' title='bbox 959 1805 1154 1865; x_wconf 81' lang='lat' dir='ltr'>l&#39;oraminibus</span> <span class='ocrx_word' id='word_1_146' title='bbox 1183 1815 1212 1866; x_wconf 92' lang='lat' dir='ltr'>et</span> 
     </span>
     <span class='ocr_line' id='line_1_20' title="bbox 141 1889 1210 1966; baseline 0 -17"><span class='ocrx_word' id='word_1_147' title='bbox 141 1890 225 1950; x_wconf 90' lang='lat' dir='ltr'>rimis</span> <span class='ocrx_word' id='word_1_148' title='bbox 249 1908 349 1949; x_wconf 90' lang='lat' dir='ltr'>aurem</span> <span class='ocrx_word' id='word_1_149' title='bbox 373 1889 539 1949; x_wconf 83' lang='lat' dir='ltr'>admovent.</span> <span class='ocrx_word' id='word_1_150' title='bbox 584 1889 700 1948; x_wconf 90' lang='lat' dir='ltr'>lnterea</span> <span class='ocrx_word' id='word_1_151' title='bbox 715 1889 842 1948; x_wconf 88' lang='lat' dir='ltr'>Latiaris</span> <span class='ocrx_word' id='word_1_152' title='bbox 865 1897 1017 1964; x_wconf 89' lang='lat' dir='ltr'>repertum</span> <span class='ocrx_word' id='word_1_153' title='bbox 1040 1889 1069 1947; x_wconf 91' lang='lat' dir='ltr'>in</span> <span class='ocrx_word' id='word_1_154' title='bbox 1092 1889 1210 1966; x_wconf 88' lang='lat' dir='ltr'>publico</span> 
     </span>
     <span class='ocr_line' id='line_1_21' title="bbox 112 1973 1209 2049; baseline -0.003 -14"><span class='ocrx_word' id='word_1_155' title='bbox 112 1988 115 1993; x_wconf 83' lang='grc'><em>“</em></span> <span class='ocrx_word' id='word_1_156' title='bbox 142 1975 292 2045; x_wconf 93' lang='lat' dir='ltr'>Sabinum,</span> <span class='ocrx_word' id='word_1_157' title='bbox 316 1974 395 2033; x_wconf 91' lang='lat' dir='ltr'>velut</span> <span class='ocrx_word' id='word_1_158' title='bbox 417 1993 521 2033; x_wconf 86' lang='lat' dir='ltr'>recens</span> <span class='ocrx_word' id='word_1_159' title='bbox 545 1973 659 2049; x_wconf 83' lang='lat' dir='ltr'>cognita</span> <span class='ocrx_word' id='word_1_160' title='bbox 682 1980 864 2043; x_wconf 78' lang='lat' dir='ltr'>narraturus,</span> <span class='ocrx_word' id='word_1_161' title='bbox 889 1973 1009 2032; x_wconf 93' lang='lat' dir='ltr'>domum</span> <span class='ocrx_word' id='word_1_162' title='bbox 1030 1981 1060 2031; x_wconf 91' lang='lat' dir='ltr'>et</span> <span class='ocrx_word' id='word_1_163' title='bbox 1080 1973 1108 2033; x_wconf 91' lang='lat' dir='ltr'>in</span> <span class='ocrx_word' id='word_1_164' title='bbox 1126 1973 1209 2034; x_wconf 89' lang='lat' dir='ltr'>cubi-</span> 
     </span>
    </p>

    <p class='ocr_par' dir='ltr' id='par_1_7' title="bbox 140 2056 1252 2474">
     <span class='ocr_line' id='line_1_22' title="bbox 142 2056 1252 2136; baseline 0 -18"><span class='ocrx_word' id='word_1_165' title='bbox 142 2059 237 2119; x_wconf 88' lang='lat' dir='ltr'>culum</span> <span class='ocrx_word' id='word_1_166' title='bbox 260 2059 366 2130; x_wconf 73' lang='lat' dir='ltr'>trabit,</span> <span class='ocrx_word' id='word_1_167' title='bbox 398 2059 615 2136; x_wconf 87' lang='lat' dir='ltr'>praeteritaque</span> <span class='ocrx_word' id='word_1_168' title='bbox 638 2063 667 2116; x_wconf 92' lang='lat' dir='ltr'>et</span> <span class='ocrx_word' id='word_1_169' title='bbox 688 2056 988 2133; x_wconf 71' lang='lat' dir='ltr'>instantiaquorum</span> <span class='ocrx_word' id='word_1_170' title='bbox 1012 2057 1131 2117; x_wconf 91' lang='lat' dir='ltr'>adlatim</span> <span class='ocrx_word' id='word_1_171' title='bbox 1154 2076 1206 2116; x_wconf 91' lang='lat' dir='ltr'>co·</span> <span class='ocrx_word' id='word_1_172' title='bbox 1220 2069 1252 2118; x_wconf 82' lang='lat'>20</span> 
     </span>
     <span class='ocr_line' id='line_1_23' title="bbox 140 2139 1210 2220; baseline 0 -19"><span class='ocrx_word' id='word_1_173' title='bbox 140 2142 198 2220; x_wconf 91' lang='lat' dir='ltr'>pia,</span> <span class='ocrx_word' id='word_1_174' title='bbox 223 2162 256 2202; x_wconf 89' lang='lat' dir='ltr'>ac</span> <span class='ocrx_word' id='word_1_175' title='bbox 278 2161 373 2203; x_wconf 89' lang='lat' dir='ltr'>novos</span> <span class='ocrx_word' id='word_1_176' title='bbox 398 2152 528 2202; x_wconf 88' lang='lat' dir='ltr'>terrores</span> <span class='ocrx_word' id='word_1_177' title='bbox 551 2141 698 2200; x_wconf 73' lang='lat' dir='ltr'>cumulat</span> <span class='ocrx_word' id='word_1_178' title='bbox 721 2139 832 2200; x_wconf 86' lang='lat' dir='ltr'>Eadem</span> <span class='ocrx_word' id='word_1_179' title='bbox 848 2139 896 2200; x_wconf 90' lang='lat' dir='ltr'>ille</span> <span class='ocrx_word' id='word_1_180' title='bbox 913 2148 941 2199; x_wconf 94' lang='lat' dir='ltr'>et</span> <span class='ocrx_word' id='word_1_181' title='bbox 957 2141 1076 2210; x_wconf 89' lang='lat' dir='ltr'>diutius,</span> <span class='ocrx_word' id='word_1_182' title='bbox 1099 2150 1210 2220; x_wconf 89' lang='lat' dir='ltr'>quanto</span> 
     </span>
     <span class='ocr_line' id='line_1_24' title="bbox 142 2223 1213 2305; baseline 0.001 -19"><span class='ocrx_word' id='word_1_183' title='bbox 142 2238 264 2298; x_wconf 90' lang='lat' dir='ltr'>maesta,</span> <span class='ocrx_word' id='word_1_184' title='bbox 288 2227 336 2286; x_wconf 90' lang='lat' dir='ltr'>ubi</span> <span class='ocrx_word' id='word_1_185' title='bbox 361 2227 452 2286; x_wconf 88' lang='lat' dir='ltr'>semel</span> <span class='ocrx_word' id='word_1_186' title='bbox 476 2242 649 2303; x_wconf 87' lang='lat' dir='ltr'>prorupere,</span> <span class='ocrx_word' id='word_1_187' title='bbox 673 2223 820 2283; x_wconf 85' lang='lat' dir='ltr'>difficilius</span> <span class='ocrx_word' id='word_1_188' title='bbox 844 2225 1015 2285; x_wconf 88' lang='lat' dir='ltr'>reticentur.</span> <span class='ocrx_word' id='word_1_189' title='bbox 1051 2226 1213 2305; x_wconf 87' lang='lat' dir='ltr'>Properata</span> 
     </span>
     <span class='ocr_line' id='line_1_25' title="bbox 142 2307 1210 2384; baseline 0.002 -14"><span class='ocrx_word' id='word_1_190' title='bbox 142 2311 211 2370; x_wconf 91' lang='lat' dir='ltr'>inde</span> <span class='ocrx_word' id='word_1_191' title='bbox 233 2311 398 2380; x_wconf 85' lang='lat' dir='ltr'>accusatio,</span> <span class='ocrx_word' id='word_1_192' title='bbox 423 2308 584 2384; x_wconf 90' lang='lat' dir='ltr'>missisque</span> <span class='ocrx_word' id='word_1_193' title='bbox 606 2309 640 2367; x_wconf 87' lang='lat' dir='ltr'>ad</span> <span class='ocrx_word' id='word_1_194' title='bbox 662 2307 818 2368; x_wconf 83' lang='lat' dir='ltr'>Caesarem</span> <span class='ocrx_word' id='word_1_195' title='bbox 841 2309 948 2369; x_wconf 88' lang='lat' dir='ltr'>litteris</span> <span class='ocrx_word' id='word_1_196' title='bbox 972 2309 1105 2370; x_wconf 91' lang='lat' dir='ltr'>ordinem</span> <span class='ocrx_word' id='word_1_197' title='bbox 1130 2313 1210 2372; x_wconf 89' lang='lat' dir='ltr'>lrau·</span> 
     </span>
     <span class='ocr_line' id='line_1_26' title="bbox 142 2393 1213 2474; baseline 0.003 -20"><span class='ocrx_word' id='word_1_198' title='bbox 142 2394 187 2455; x_wconf 93' lang='lat' dir='ltr'>dis</span> <span class='ocrx_word' id='word_1_199' title='bbox 212 2415 356 2474; x_wconf 87' lang='lat' dir='ltr'>suumque</span> <span class='ocrx_word' id='word_1_200' title='bbox 379 2395 435 2470; x_wconf 90' lang='lat' dir='ltr'>ipsi</span> <span class='ocrx_word' id='word_1_201' title='bbox 458 2393 585 2451; x_wconf 86' lang='lat' dir='ltr'>dedecus</span> <span class='ocrx_word' id='word_1_202' title='bbox 610 2411 776 2453; x_wconf 86' lang='lat' dir='ltr'>narravere.</span> <span class='ocrx_word' id='word_1_203' title='bbox 827 2394 892 2453; x_wconf 90' lang='lat' dir='ltr'>Non</span> <span class='ocrx_word' id='word_1_204' title='bbox 916 2394 986 2454; x_wconf 87' lang='lat' dir='ltr'>alias</span> <span class='ocrx_word' id='word_1_205' title='bbox 1009 2395 1103 2471; x_wconf 84' lang='lat' dir='ltr'>magis</span> <span class='ocrx_word' id='word_1_206' title='bbox 1127 2396 1213 2457; x_wconf 84' lang='lat' dir='ltr'>auxia</span> 
     </span>
    </p>

    <p class='ocr_par' dir='ltr' id='par_1_8' title="bbox 90 2478 1248 2726">
     <span class='ocr_line' id='line_1_27' title="bbox 143 2478 1248 2558; baseline 0.005 -20"><span class='ocrx_word' id='word_1_207' title='bbox 143 2488 170 2538; x_wconf 92' lang='lat' dir='ltr'>et</span> <span class='ocrx_word' id='word_1_208' title='bbox 198 2498 307 2558; x_wconf 90' lang='lat' dir='ltr'>pavens</span> <span class='ocrx_word' id='word_1_209' title='bbox 336 2479 453 2548; x_wconf 89' lang='lat' dir='ltr'>civitas,</span> <span class='ocrx_word' id='word_1_210' title='bbox 489 2484 590 2552; x_wconf 83' lang='lat' dir='ltr'>tegens</span> <span class='ocrx_word' id='word_1_211' title='bbox 620 2478 778 2537; x_wconf 89' lang='lat' dir='ltr'>adversum</span> <span class='ocrx_word' id='word_1_212' title='bbox 807 2478 977 2556; x_wconf 85' lang='lat' dir='ltr'>proximos:</span> <span class='ocrx_word' id='word_1_213' title='bbox 1016 2492 1248 2556; x_wconf 85' lang='lat' dir='ltr'>congressus,25</span> 
     </span>
     <span class='ocr_line' id='line_1_28' title="bbox 141 2559 1208 2643; baseline 0.003 -19"><span class='ocrx_word' id='word_1_214' title='bbox 141 2565 315 2643; x_wconf 89' lang='lat' dir='ltr'>conloquia,</span> <span class='ocrx_word' id='word_1_215' title='bbox 344 2568 430 2620; x_wconf 90' lang='lat' dir='ltr'>notae</span> <span class='ocrx_word' id='word_1_216' title='bbox 460 2559 636 2640; x_wconf 84' lang='lat' dir='ltr'>ignotaeque</span> <span class='ocrx_word' id='word_1_217' title='bbox 659 2580 745 2622; x_wconf 90' lang='lat' dir='ltr'>aures</span> <span class='ocrx_word' id='word_1_218' title='bbox 769 2563 870 2633; x_wconf 85' lang='lat' dir='ltr'>vitari;</span> <span class='ocrx_word' id='word_1_219' title='bbox 903 2563 990 2623; x_wconf 90' lang='lat' dir='ltr'>etiam</span> <span class='ocrx_word' id='word_1_220' title='bbox 1019 2573 1096 2626; x_wconf 91' lang='lat' dir='ltr'>muta</span> <span class='ocrx_word' id='word_1_221' title='bbox 1120 2574 1208 2643; x_wconf 88' lang='lat' dir='ltr'>atque</span> 
     </span>
     <span class='ocr_line' id='line_1_29' title="bbox 90 2645 1210 2726; baseline -0.001 -15"><span class='ocrx_word' id='word_1_222' title='bbox 90 2649 279 2719; x_wconf 85' lang='lat' dir='ltr'>70inanima,</span> <span class='ocrx_word' id='word_1_223' title='bbox 302 2653 410 2705; x_wconf 90' lang='lat' dir='ltr'>tectum</span> <span class='ocrx_word' id='word_1_224' title='bbox 434 2653 463 2704; x_wconf 95' lang='lat' dir='ltr'>et</span> <span class='ocrx_word' id='word_1_225' title='bbox 484 2645 613 2722; x_wconf 89' lang='lat' dir='ltr'>parietes</span> <span class='ocrx_word' id='word_1_226' title='bbox 636 2646 965 2726; x_wconf 87' lang='lat' dir='ltr'>circumspectabantur.</span> <span class='ocrx_word' id='word_1_227' title='bbox 1018 2647 1076 2707; x_wconf 87' lang='lat' dir='ltr'>Sed</span> <span class='ocrx_word' id='word_1_228' title='bbox 1100 2648 1210 2710; x_wconf 85' lang='lat' dir='ltr'>Caesar</span> 
     </span>
    </p>
   </div>
   <div class='ocr_carea' id='block_1_4' title="bbox 139 2845 1215 3181">
    <p class='ocr_par' dir='ltr' id='par_1_9' title="bbox 139 2845 1215 2979">
     <span class='ocr_line' id='line_1_30' title="bbox 174 2845 1215 2912; baseline 0.001 -17"><span class='ocrx_word' id='word_1_229' title='bbox 174 2851 196 2899; x_wconf 81' lang='lat'>2.</span> <span class='ocrx_word' id='word_1_230' title='bbox 214 2847 330 2912; x_wconf 83' lang='lat' dir='ltr'>primum</span> <span class='ocrx_word' id='word_1_231' title='bbox 348 2871 382 2881; x_wconf 84' lang='lat'><em>-</em></span> <span class='ocrx_word' id='word_1_232' title='bbox 399 2859 477 2907; x_wconf 76' lang='lat' dir='ltr'>mou,</span> <span class='ocrx_word' id='word_1_233' title='bbox 505 2845 558 2894; x_wconf 85' lang='lat' dir='ltr'>‘das</span> <span class='ocrx_word' id='word_1_234' title='bbox 582 2854 650 2896; x_wconf 86' lang='lat' dir='ltr'>erste</span> <span class='ocrx_word' id='word_1_235' title='bbox 703 2848 777 2911; x_wconf 81' lang='lat' dir='ltr'>Quae</span> <span class='ocrx_word' id='word_1_236' title='bbox 794 2851 927 2898; x_wconf 78' lang='lat' dir='ltr'>uenientia</span> <span class='ocrx_word' id='word_1_237' title='bbox 941 2853 1105 2910; x_wconf 81' lang='lat' dir='ltr'>metuuntur,</span> <span class='ocrx_word' id='word_1_238' title='bbox 1123 2847 1215 2897; x_wconf 87' lang='lat' dir='ltr'>eadem</span> 
     </span>
     <span class='ocr_line' id='line_1_31' title="bbox 139 2911 1169 2979; baseline 0.002 -16"><span class='ocrx_word' id='word_1_239' title='bbox 139 2915 196 2966; x_wconf 85' lang='lat' dir='ltr'>illal’</span> <span class='ocrx_word' id='word_1_240' title='bbox 213 2941 248 2951; x_wconf 92' lang='lat'>-</span> <span class='ocrx_word' id='word_1_241' title='bbox 268 2911 376 2977; x_wconf 62' lang='lat' dir='ltr'>spelled.</span> <span class='ocrx_word' id='word_1_242' title='bbox 414 2911 440 2960; x_wconf 90' lang='lat' dir='ltr'>S.</span> <span class='ocrx_word' id='word_1_243' title='bbox 461 2928 491 2961; x_wconf 88' lang='lat' dir='ltr'>zu</span> <span class='ocrx_word' id='word_1_244' title='bbox 510 2913 540 2962; x_wconf 91' lang='lat' dir='ltr'>ll.</span> <span class='ocrx_word' id='word_1_245' title='bbox 557 2913 613 2964; x_wconf 90' lang='lat' dir='ltr'>t.1.</span> <span class='ocrx_word' id='word_1_246' title='bbox 702 2915 828 2977; x_wconf 76' lang='lat' dir='ltr'>afficiunt</span> <span class='ocrx_word' id='word_1_247' title='bbox 844 2916 1014 2979; x_wconf 80' lang='lat' dir='ltr'>aegritudine</span> <span class='ocrx_word' id='word_1_248' title='bbox 1032 2917 1169 2965; x_wconf 83' lang='lat' dir='ltr'>instantia.</span> 
     </span>
    </p>

    <p class='ocr_par' dir='ltr' id='par_1_10' title="bbox 140 2975 1215 3111">
     <span class='ocr_line' id='line_1_32' title="bbox 174 2975 1215 3046; baseline 0.004 -18"><span class='ocrx_word' id='word_1_249' title='bbox 174 2975 221 3036; x_wconf 79' lang='grc'>69,</span> <span class='ocrx_word' id='word_1_250' title='bbox 243 2982 280 3029; x_wconf 82' lang='grc'>15.</span> <span class='ocrx_word' id='word_1_251' title='bbox 300 2981 467 3043; x_wconf 75' lang='lat' dir='ltr'>suspicionis,</span> <span class='ocrx_word' id='word_1_252' title='bbox 485 2978 558 3031; x_wconf 90' lang='lat' dir='ltr'>Nom.</span> <span class='ocrx_word' id='word_1_253' title='bbox 579 2981 648 3032; x_wconf 87' lang='lat' dir='ltr'>Plur.</span> <span class='ocrx_word' id='word_1_254' title='bbox 735 2985 775 3034; x_wconf 83' lang='lat'>25.</span> <span class='ocrx_word' id='word_1_255' title='bbox 795 2988 891 3046; x_wconf 75' lang='lat' dir='ltr'>tegens.</span> <span class='ocrx_word' id='word_1_256' title='bbox 916 2982 1215 3046; x_wconf 79' lang='lat' dir='ltr'>DasObjeotwirtlaus·</span> 
     </span>
     <span class='ocr_line' id='line_1_33' title="bbox 140 3046 1212 3111; baseline 0.001 -13"><span class='ocrx_word' id='word_1_257' title='bbox 140 3047 166 3098; x_wconf 90' lang='lat' dir='ltr'>S.</span> <span class='ocrx_word' id='word_1_258' title='bbox 187 3062 219 3095; x_wconf 87' lang='lat' dir='ltr'>zu</span> <span class='ocrx_word' id='word_1_259' title='bbox 238 3046 268 3095; x_wconf 93' lang='lat' dir='ltr'>ll.</span> <span class='ocrx_word' id='word_1_260' title='bbox 282 3047 322 3097; x_wconf 84' lang='lat'>33.</span> <span class='ocrx_word' id='word_1_261' title='bbox 700 3049 824 3111; x_wconf 83' lang='lat' dir='ltr'>gelasseu,</span> <span class='ocrx_word' id='word_1_262' title='bbox 838 3049 898 3098; x_wconf 84' lang='lat' dir='ltr'>weil</span> <span class='ocrx_word' id='word_1_263' title='bbox 908 3065 935 3099; x_wconf 92' lang='lat' dir='ltr'>es</span> <span class='ocrx_word' id='word_1_264' title='bbox 948 3065 1012 3110; x_wconf 80' lang='lat' dir='ltr'>ganz</span> <span class='ocrx_word' id='word_1_265' title='bbox 1026 3049 1159 3111; x_wconf 83' lang='lat' dir='ltr'>allgemein</span> <span class='ocrx_word' id='word_1_266' title='bbox 1171 3051 1212 3100; x_wconf 89' lang='lat' dir='ltr'>ist.</span> 
     </span>
    </p>

    <p class='ocr_par' dir='ltr' id='par_1_11' title="bbox 178 3114 1215 3181">
     <span class='ocr_line' id='line_1_34' title="bbox 178 3114 1215 3181; baseline 0.002 -16"><span class='ocrx_word' id='word_1_267' title='bbox 178 3117 214 3165; x_wconf 81' lang='lat' dir='ltr'>li.</span> <span class='ocrx_word' id='word_1_268' title='bbox 232 3114 419 3174; x_wconf 77' lang='lat' dir='ltr'>foraminibus.</span> <span class='ocrx_word' id='word_1_269' title='bbox 455 3115 481 3164; x_wconf 88' lang='lat' dir='ltr'>lu</span> <span class='ocrx_word' id='word_1_270' title='bbox 501 3116 649 3166; x_wconf 84' lang='lat' dir='ltr'>de1·Deckc</span> <span class='ocrx_word' id='word_1_271' title='bbox 734 3118 774 3166; x_wconf 78' lang='lat'>27.</span> <span class='ocrx_word' id='word_1_272' title='bbox 806 3118 1109 3181; x_wconf 83' lang='lat' dir='ltr'>circumspectabaatur,</span> <span class='ocrx_word' id='word_1_273' title='bbox 1150 3126 1215 3167; x_wconf 78' lang='lat' dir='ltr'>‘man</span> 
     </span>
    </p>
   </div>
   <div class='ocr_carea' id='block_1_5' title="bbox 51 3181 649 3986">
    <p class='ocr_par' dir='ltr' id='par_1_12' title="bbox 52 3181 530 3233">
     <span class='ocr_line' id='line_1_35' title="bbox 52 3181 530 3233; baseline -0.002 -2"><span class='ocrx_word' id='word_1_274' title='bbox 52 3197 54 3199; x_wconf 85' lang='lat'>·</span> <span class='ocrx_word' id='word_1_275' title='bbox 138 3196 195 3232; x_wconf 89' lang='lat' dir='ltr'>war</span> <span class='ocrx_word' id='word_1_276' title='bbox 212 3181 415 3232; x_wconf 87' lang='lat' dir='ltr'>durcbbroebene</span> <span class='ocrx_word' id='word_1_277' title='bbox 434 3184 530 3233; x_wconf 85' lang='lat' dir='ltr'>Arbeit.</span> 
     </span>
    </p>

    <p class='ocr_par' dir='ltr' id='par_1_13' title="bbox 51 3250 649 3986">
     <span class='ocr_line' id='line_1_36' title="bbox 173 3250 645 3312; baseline -0.004 -12"><span class='ocrx_word' id='word_1_278' title='bbox 173 3251 213 3300; x_wconf 84' lang='lat'>20.</span> <span class='ocrx_word' id='word_1_279' title='bbox 233 3252 361 3300; x_wconf 83' lang='lat' dir='ltr'>instantia</span> <span class='ocrx_word' id='word_1_280' title='bbox 375 3252 427 3300; x_wconf 88' lang='lat' dir='ltr'>‘das</span> <span class='ocrx_word' id='word_1_281' title='bbox 435 3250 645 3312; x_wconf 74' lang='lat' dir='ltr'>Gegeuwairtige&#39;.</span> 
     </span>
     <span class='ocr_line' id='line_1_37' title="bbox 139 3315 649 3383; baseline 0 -18"><span class='ocrx_word' id='word_1_282' title='bbox 139 3315 169 3365; x_wconf 88' lang='lat' dir='ltr'>H.</span> <span class='ocrx_word' id='word_1_283' title='bbox 191 3315 232 3366; x_wconf 88' lang='lat' dir='ltr'>tlt.</span> <span class='ocrx_word' id='word_1_284' title='bbox 244 3320 276 3370; x_wconf 87' lang='grc'>36</span> <span class='ocrx_word' id='word_1_285' title='bbox 292 3322 441 3383; x_wconf 83' lang='lat' dir='ltr'>praeterita</span> <span class='ocrx_word' id='word_1_286' title='bbox 459 3320 588 3368; x_wconf 81' lang='lat' dir='ltr'>instantia</span> <span class='ocrx_word' id='word_1_287' title='bbox 605 3316 649 3376; x_wconf 84' lang='lat' dir='ltr'>fu-</span> 
     </span>
     <span class='ocr_line' id='line_1_38' title="bbox 140 3385 647 3450; baseline -0.006 -16"><span class='ocrx_word' id='word_1_288' title='bbox 140 3389 202 3434; x_wconf 84' lang='lat' dir='ltr'>tura</span> <span class='ocrx_word' id='word_1_289' title='bbox 236 3389 303 3450; x_wconf 83' lang='lat' dir='ltr'>part</span> <span class='ocrx_word' id='word_1_290' title='bbox 334 3387 466 3450; x_wconf 80' lang='lat' dir='ltr'>oblivione</span> <span class='ocrx_word' id='word_1_291' title='bbox 504 3385 647 3433; x_wconf 75' lang='lat' dir='ltr'>dimiserat.</span> 
     </span>
     <span class='ocr_line' id='line_1_39' title="bbox 51 3450 649 3510; baseline -0.008 -8"><span class='ocrx_word' id='word_1_292' title='bbox 51 3454 53 3465; x_wconf 89' lang='lat'>&#39;</span> <span class='ocrx_word' id='word_1_293' title='bbox 139 3455 211 3502; x_wconf 88' lang='lat' dir='ltr'>Auct.</span> <span class='ocrx_word' id='word_1_294' title='bbox 234 3455 266 3503; x_wconf 88' lang='lat' dir='ltr'>ad</span> <span class='ocrx_word' id='word_1_295' title='bbox 282 3455 341 3504; x_wconf 88' lang='lat' dir='ltr'>Her.</span> <span class='ocrx_word' id='word_1_296' title='bbox 363 3454 393 3504; x_wconf 95' lang='lat' dir='ltr'>ll.</span> <span class='ocrx_word' id='word_1_297' title='bbox 404 3456 454 3510; x_wconf 86' lang='lat'>5,8</span> <span class='ocrx_word' id='word_1_298' title='bbox 472 3450 603 3500; x_wconf 83' lang='lat' dir='ltr'>dividitur</span> <span class='ocrx_word' id='word_1_299' title='bbox 620 3453 649 3498; x_wconf 82' lang='lat' dir='ltr'>ia</span> 
     </span>
     <span class='ocr_line' id='line_1_40' title="bbox 139 3520 649 3585; baseline -0.006 -17"><span class='ocrx_word' id='word_1_300' title='bbox 139 3524 259 3585; x_wconf 82' lang='lat' dir='ltr'>tempora</span> <span class='ocrx_word' id='word_1_301' title='bbox 287 3526 356 3572; x_wconf 74' lang='lat' dir='ltr'>trua:</span> <span class='ocrx_word' id='word_1_302' title='bbox 384 3521 576 3585; x_wconf 62' lang='lat' dir='ltr'>praeteritum,</span> <span class='ocrx_word' id='word_1_303' title='bbox 609 3520 649 3566; x_wconf 80' lang='lat' dir='ltr'>ia-</span> 
     </span>
     <span class='ocr_line' id='line_1_41' title="bbox 136 3584 647 3654; baseline -0.004 -18"><span class='ocrx_word' id='word_1_304' title='bbox 136 3592 225 3652; x_wconf 84' lang='lat' dir='ltr'>stans,</span> <span class='ocrx_word' id='word_1_305' title='bbox 250 3604 416 3654; x_wconf 83' lang='lat' dir='ltr'>consequeus.</span> <span class='ocrx_word' id='word_1_306' title='bbox 460 3584 511 3634; x_wconf 87' lang='lat' dir='ltr'>Cio.</span> <span class='ocrx_word' id='word_1_307' title='bbox 532 3585 563 3632; x_wconf 87' lang='lat' dir='ltr'>de</span> <span class='ocrx_word' id='word_1_308' title='bbox 582 3593 647 3634; x_wconf 89' lang='lat' dir='ltr'>orat.</span> 
     </span>
     <span class='ocr_line' id='line_1_42' title="bbox 137 3653 648 3716; baseline -0.004 -12"><span class='ocrx_word' id='word_1_309' title='bbox 137 3653 220 3715; x_wconf 69' lang='lat' dir='ltr'>ltus,</span> <span class='ocrx_word' id='word_1_310' title='bbox 240 3662 284 3710; x_wconf 78' lang='lat' dir='ltr'>tos</span> <span class='ocrx_word' id='word_1_311' title='bbox 309 3662 348 3706; x_wconf 82' lang='lat' dir='ltr'>est</span> <span class='ocrx_word' id='word_1_312' title='bbox 371 3656 457 3716; x_wconf 78' lang='lat' dir='ltr'>igitur</span> <span class='ocrx_word' id='word_1_313' title='bbox 483 3665 568 3713; x_wconf 79' lang='lat' dir='ltr'>genus</span> <span class='ocrx_word' id='word_1_314' title='bbox 590 3655 648 3716; x_wconf 83' lang='lat' dir='ltr'>pri-</span> 
     </span>
     <span class='ocr_line' id='line_1_43' title="bbox 137 3717 648 3774; baseline -0.01 1"><span class='ocrx_word' id='word_1_315' title='bbox 137 3738 209 3774; x_wconf 84' lang='lat' dir='ltr'>mum</span> <span class='ocrx_word' id='word_1_316' title='bbox 228 3737 370 3774; x_wconf 81' lang='lat' dir='ltr'>causarum</span> <span class='ocrx_word' id='word_1_317' title='bbox 380 3723 409 3768; x_wconf 81' lang='lat' dir='ltr'>iri</span> <span class='ocrx_word' id='word_1_318' title='bbox 418 3717 527 3767; x_wconf 77' lang='lat' dir='ltr'>iudr&#39;ce&#39;r&#39;s</span> <span class='ocrx_word' id='word_1_319' title='bbox 540 3735 574 3768; x_wconf 81' lang='lat' dir='ltr'>aa</span> <span class='ocrx_word' id='word_1_320' title='bbox 587 3736 648 3770; x_wconf 87' lang='lat' dir='ltr'>coa-</span> 
     </span>
     <span class='ocr_line' id='line_1_44' title="bbox 139 3785 647 3849; baseline -0.006 -8"><span class='ocrx_word' id='word_1_321' title='bbox 139 3795 269 3841; x_wconf 81' lang='lat' dir='ltr'>trouersia</span> <span class='ocrx_word' id='word_1_322' title='bbox 286 3789 369 3849; x_wconf 72' lang='lat' dir='ltr'>faeti:</span> <span class='ocrx_word' id='word_1_323' title='bbox 395 3789 424 3835; x_wconf 83' lang='lat' dir='ltr'>in</span> <span class='ocrx_word' id='word_1_324' title='bbox 450 3785 647 3838; x_wconf 83' lang='lat' dir='ltr'>deliberationi-</span> 
     </span>
     <span class='ocr_line' id='line_1_45' title="bbox 138 3854 647 3922; baseline 0 -14"><span class='ocrx_word' id='word_1_325' title='bbox 138 3860 186 3908; x_wconf 85' lang='lat' dir='ltr'>bus</span> <span class='ocrx_word' id='word_1_326' title='bbox 201 3859 357 3922; x_wconf 83' lang='lat' dir='ltr'>pleramque</span> <span class='ocrx_word' id='word_1_327' title='bbox 372 3869 406 3902; x_wconf 81' lang='lat' dir='ltr'>eac</span> <span class='ocrx_word' id='word_1_328' title='bbox 417 3854 515 3917; x_wconf 67' lang='lat' dir='ltr'>(icturi,</span> <span class='ocrx_word' id='word_1_329' title='bbox 534 3872 598 3907; x_wconf 85' lang='lat' dir='ltr'>raro</span> <span class='ocrx_word' id='word_1_330' title='bbox 613 3873 647 3907; x_wconf 78' lang='lat' dir='ltr'>eu</span> 
     </span>
     <span class='ocr_line' id='line_1_46' title="bbox 137 3921 645 3986; baseline -0.002 -12"><span class='ocrx_word' id='word_1_331' title='bbox 137 3926 261 3974; x_wconf 80' lang='lat' dir='ltr'>instantis</span> <span class='ocrx_word' id='word_1_332' title='bbox 279 3928 327 3973; x_wconf 86' lang='lat' dir='ltr'>aut</span> <span class='ocrx_word' id='word_1_333' title='bbox 341 3922 415 3982; x_wconf 78' lang='lat' dir='ltr'>facti.</span> <span class='ocrx_word' id='word_1_334' title='bbox 440 3921 515 3972; x_wconf 85' lang='lat' dir='ltr'>Tusc.</span> <span class='ocrx_word' id='word_1_335' title='bbox 525 3923 568 3978; x_wconf 95' lang='lat' dir='ltr'>lV.</span> <span class='ocrx_word' id='word_1_336' title='bbox 580 3928 602 3986; x_wconf 87' lang='lat'>6,</span> <span class='ocrx_word' id='word_1_337' title='bbox 616 3929 645 3978; x_wconf 89' lang='lat' dir='ltr'>ll</span> 
     </span>
    </p>
   </div>
   <div class='ocr_carea' id='block_1_6' title="bbox 697 3183 1227 3926">
    <p class='ocr_par' dir='ltr' id='par_1_14' title="bbox 697 3183 1227 3926">
     <span class='ocr_line' id='line_1_47' title="bbox 699 3183 1216 3242; baseline 0.006 -11"><span class='ocrx_word' id='word_1_338' title='bbox 699 3183 769 3231; x_wconf 88' lang='lat' dir='ltr'>warl</span> <span class='ocrx_word' id='word_1_339' title='bbox 784 3183 976 3242; x_wconf 79' lang='lat' dir='ltr'>argwdbuiscbe</span> <span class='ocrx_word' id='word_1_340' title='bbox 992 3183 1076 3233; x_wconf 76' lang='lat' dir='ltr'>blicka</span> <span class='ocrx_word' id='word_1_341' title='bbox 1096 3187 1159 3234; x_wconf 86' lang='lat' dir='ltr'>nach</span> <span class='ocrx_word' id='word_1_342' title='bbox 1179 3187 1216 3234; x_wconf 87' lang='lat' dir='ltr'>ilr-</span> 
     </span>
     <span class='ocr_line' id='line_1_48' title="bbox 699 3249 1215 3317; baseline 0.012 -19"><span class='ocrx_word' id='word_1_343' title='bbox 699 3265 746 3298; x_wconf 90' lang='lat' dir='ltr'>ueu</span> <span class='ocrx_word' id='word_1_344' title='bbox 766 3249 867 3298; x_wconf 89' lang='lat' dir='ltr'>umber’.</span> <span class='ocrx_word' id='word_1_345' title='bbox 905 3249 936 3299; x_wconf 91' lang='lat' dir='ltr'>H.</span> <span class='ocrx_word' id='word_1_346' title='bbox 953 3249 1024 3301; x_wconf 87' lang='lat' dir='ltr'>lV.8</span> <span class='ocrx_word' id='word_1_347' title='bbox 1043 3251 1132 3300; x_wconf 85' lang='lat' dir='ltr'>vultus</span> <span class='ocrx_word' id='word_1_348' title='bbox 1151 3269 1215 3317; x_wconf 85' lang='lat' dir='ltr'>quo-</span> 
     </span>
     <span class='ocr_line' id='line_1_49' title="bbox 700 3319 1215 3380; baseline 0.016 -17"><span class='ocrx_word' id='word_1_349' title='bbox 700 3331 750 3380; x_wconf 84' lang='lat' dir='ltr'>que</span> <span class='ocrx_word' id='word_1_350' title='bbox 768 3332 950 3367; x_wconf 70' lang='lat' dir='ltr'>easmandare</span> <span class='ocrx_word' id='word_1_351' title='bbox 969 3319 1087 3367; x_wconf 84' lang='lat' dir='ltr'>omnium</span> <span class='ocrx_word' id='word_1_352' title='bbox 1100 3321 1215 3371; x_wconf 80' lang='lat' dir='ltr'>eircum-</span> 
     </span>
     <span class='ocr_line' id='line_1_50' title="bbox 698 3385 1214 3450; baseline 0.014 -18"><span class='ocrx_word' id='word_1_353' title='bbox 698 3388 828 3448; x_wconf 79' lang='lat' dir='ltr'>spectans.</span> <span class='ocrx_word' id='word_1_354' title='bbox 857 3386 885 3434; x_wconf 87' lang='lat' dir='ltr'>A.</span> <span class='ocrx_word' id='word_1_355' title='bbox 897 3388 928 3437; x_wconf 82' lang='lat'>32</span> <span class='ocrx_word' id='word_1_356' title='bbox 948 3385 1065 3450; x_wconf 85' lang='lat' dir='ltr'>trepidos</span> <span class='ocrx_word' id='word_1_357' title='bbox 1082 3388 1214 3450; x_wconf 78' lang='lat' dir='ltr'>ignorau-</span> 
     </span>
     <span class='ocr_line' id='line_1_51' title="bbox 701 3453 1215 3520; baseline 0.01 -20"><span class='ocrx_word' id='word_1_358' title='bbox 701 3453 753 3514; x_wconf 84' lang='lat' dir='ltr'>tia,</span> <span class='ocrx_word' id='word_1_359' title='bbox 782 3453 884 3502; x_wconf 86' lang='lat' dir='ltr'>coelam</span> <span class='ocrx_word' id='word_1_360' title='bbox 917 3456 1004 3520; x_wconf 82' lang='lat' dir='ltr'>ipsum</span> <span class='ocrx_word' id='word_1_361' title='bbox 1033 3458 1066 3503; x_wconf 82' lang='lat' dir='ltr'>a&#39;c</span> <span class='ocrx_word' id='word_1_362' title='bbox 1089 3469 1165 3504; x_wconf 87' lang='lat' dir='ltr'>mare</span> <span class='ocrx_word' id='word_1_363' title='bbox 1189 3461 1215 3506; x_wconf 84' lang='lat' dir='ltr'>et</span> 
     </span>
     <span class='ocr_line' id='line_1_52' title="bbox 700 3519 1227 3588; baseline 0.008 -20"><span class='ocrx_word' id='word_1_364' title='bbox 700 3519 789 3583; x_wconf 84' lang='lat' dir='ltr'>silvas,</span> <span class='ocrx_word' id='word_1_365' title='bbox 816 3523 910 3584; x_wconf 80' lang='lat' dir='ltr'>ignota</span> <span class='ocrx_word' id='word_1_366' title='bbox 928 3525 1018 3572; x_wconf 77' lang='lat' dir='ltr'>oruata</span> <span class='ocrx_word' id='word_1_367' title='bbox 1038 3524 1227 3588; x_wconf 60' lang='lat' dir='ltr'>circumspeeu</span> 
     </span>
     <span class='ocr_line' id='line_1_53' title="bbox 702 3588 1215 3646; baseline 0.008 -10"><span class='ocrx_word' id='word_1_368' title='bbox 702 3592 793 3637; x_wconf 80' lang='lat' dir='ltr'>tantas.</span> <span class='ocrx_word' id='word_1_369' title='bbox 832 3588 883 3638; x_wconf 88' lang='lat' dir='ltr'>Ciu.</span> <span class='ocrx_word' id='word_1_370' title='bbox 893 3590 917 3639; x_wconf 92' lang='lat' dir='ltr'>lu</span> <span class='ocrx_word' id='word_1_371' title='bbox 932 3589 981 3639; x_wconf 87' lang='lat' dir='ltr'>Pis.</span> <span class='ocrx_word' id='word_1_372' title='bbox 995 3593 1035 3646; x_wconf 83' lang='grc'>41,</span> <span class='ocrx_word' id='word_1_373' title='bbox 1049 3592 1081 3642; x_wconf 88' lang='grc'>99</span> <span class='ocrx_word' id='word_1_374' title='bbox 1102 3594 1215 3640; x_wconf 82' lang='lat' dir='ltr'>circum-</span> 
     </span>
     <span class='ocr_line' id='line_1_54' title="bbox 698 3651 1214 3722; baseline 0.01 -19"><span class='ocrx_word' id='word_1_375' title='bbox 698 3651 860 3720; x_wconf 70' lang='lat' dir='ltr'>spectantem</span> <span class='ocrx_word' id='word_1_376' title='bbox 884 3662 987 3721; x_wconf 84' lang='lat' dir='ltr'>omm&#39;a,</span> <span class='ocrx_word' id='word_1_377' title='bbox 1019 3660 1151 3722; x_wconf 83' lang='lat' dir='ltr'>quidquid</span> <span class='ocrx_word' id='word_1_378' title='bbox 1173 3662 1214 3707; x_wconf 82' lang='lat' dir='ltr'>ire-</span> 
     </span>
     <span class='ocr_line' id='line_1_55' title="bbox 700 3725 1210 3789; baseline 0.004 -17"><span class='ocrx_word' id='word_1_379' title='bbox 700 3727 844 3787; x_wconf 81' lang='lat' dir='ltr'>crepur&#39;asct</span> <span class='ocrx_word' id='word_1_380' title='bbox 869 3729 1102 3789; x_wconf 81' lang='lat' dir='ltr'>pertimescentem.</span> <span class='ocrx_word' id='word_1_381' title='bbox 1149 3725 1210 3776; x_wconf 84' lang='lat' dir='ltr'>Sall.</span> 
     </span>
     <span class='ocr_line' id='line_1_56' title="bbox 697 3791 1215 3859; baseline 0.004 -20"><span class='ocrx_word' id='word_1_382' title='bbox 697 3791 799 3851; x_wconf 58' lang='lat' dir='ltr'>lupar</span> <span class='ocrx_word' id='word_1_383' title='bbox 826 3794 1048 3859; x_wconf 83' lang='lat' dir='ltr'>circumspectare</span> <span class='ocrx_word' id='word_1_384' title='bbox 1073 3798 1163 3844; x_wconf 82' lang='lat' dir='ltr'>omnia</span> <span class='ocrx_word' id='word_1_385' title='bbox 1189 3798 1215 3842; x_wconf 86' lang='lat' dir='ltr'>et</span> 
     </span>
     <span class='ocr_line' id='line_1_57' title="bbox 698 3860 1065 3926; baseline 0.011 -18"><span class='ocrx_word' id='word_1_386' title='bbox 698 3860 771 3908; x_wconf 83' lang='lat' dir='ltr'>omni</span> <span class='ocrx_word' id='word_1_387' title='bbox 787 3862 901 3924; x_wconf 82' lang='lat' dir='ltr'>strepitu</span> <span class='ocrx_word' id='word_1_388' title='bbox 916 3877 1065 3926; x_wconf 84' lang='lat' dir='ltr'>pavescere.</span> 
     </span>
    </p>
   </div>
   <div class='ocr_carea' id='block_1_7' title="bbox 0 0 1280 4350">
    <p class='ocr_par' dir='ltr' id='par_1_15' title="bbox 0 0 1280 4350">
     <span class='ocr_line' id='line_1_58' title="bbox 0 0 1280 4350; baseline 0 0"><span class='ocrx_word' id='word_1_389' title='bbox 0 0 1280 4350; x_wconf 95' lang='lat' dir='ltr'> </span> 
     </span>
    </p>
   </div>
  </div>
 </body>
</html>
