2550 4350
56 281 178 360 pman
220 278 262 328 nu
281 277 433 330 uxnussu
450 275 519 332 unu
537 274 680 332 auuusrt
696 275 755 361 xu.
776 279 818 330 ar.
839 281 880 331 aa.
901 281 941 332 aa.
1026 281 1030 286 ·
1084 266 1125 333 69

60 442 200 504 auctore,
224 451 300 511 qnae
323 400 539 506 offerebantur,
567 432 665 494 secuti
687 418 790 493 sunt'
824 431 987 511 illatusque
1017 433 1124 495 castris
1168 426 1171 437 ’

60 519 140 579 Nero
164 526 193 577 et
216 518 410 595 congruentia
438 517 568 595 tempori
596 517 765 595 praefatae,
802 516 955 594 promisso
987 515 1126 577 donativo

62 603 100 662 ad
129 601 294 680 exemplum
323 599 463 679 paternae
496 600 679 679 largitionis,
718 600 882 679 imperatur
912 599 1125 661 consalutatur.

63 685 249 746 Sententiam
271 685 397 746 miiitum
421 694 523 746 secuta
545 693 663 763 patrum
693 683 846 756 consulta,
875 703 932 745 uec
960 682 1124 745 dubitatum
1227 731 1238 744 ,

34 777 123 832 5est‘
144 771 221 847 apud
255 768 435 848 provincias,
489 769 700 846 Caelestesque
722 768 854 829 honores
876 767 1001 829 Claudia
1024 769 1127 829 deuer-
1202 769 1204 772 ⁴

60 861 186 924 uantur,
221 866 251 914 et
279 854 394 913 funeris
423 852 568 914 sollemne
590 852 717 931 perinde
739 870 775 913 aa
803 852 870 913 divo
893 853 1025 929 Augusto
1048 852 1128 914 eele-
1153 875 1156 879 ·

60 938 179 1009 bratnr‚
203 936 371 998 aemulante
394 936 557 1015 Agrippina
578 935 720 1032 proaviae
741 935 843 998 Liviae
865 936 1126 1012 magnificentiam

16 1065 19 1071 Δ
61 1022 288 1083 Testamentum
317 1028 417 1081 tamen
446 1020 525 1081 haud
559 1020 733 1093 recitatum,
770 1038 808 1080 ne
842 1013 1030 1098 antepositus
1064 1020 1126 1081 filio

58 1106 215 1186 privignus
239 1104 349 1165 iniuria
373 1113 403 1165 et
423 1104 536 1166 invidia
558 1105 675 1166 animos
694 1103 776 1181 vulgi
800 1104 943 1165 turbaret

90 1274 113 1323 3
119 1276 267 1337 paternae
295 1272 392 1335 largit
380 1272 456 1321 aenea
493 1269 562 1321 Suet.
616 1241 802 1324 aerumnam
821 1264 900 1324 attan
911 1267 1048 1338 δραχμαις
1058 1284 1128 1319 κατα
1200 1317 1214 1329 ,

55 1339 145 1389 Claud
163 1341 194 1389 10
208 1341 335 1403 promitit
350 1338 465 1403 stagnata
483 1340 567 1402 quina
617 1331 768 1387 innovor*
750 1353 786 1387 αν
803 1353 848 1405 ua,
867 1340 1127 1389 wesnieenaaester-

55 1406 126 1456 dena
142 1409 270 1456 sestertia.
288 1405 389 1486 ioseph.
409 1407 468 1455 Aut
488 1404 560 1455 XIX.
616 1407 654 1455 tia
672 1407 762 1456 maeht.

54 1477 80 1531 4,
103 1475 118 1524 2
137 1471 265 1541 δωρεῖται
284 1470 348 1528 τοὺς
366 1468 565 1541 σωματοφύλα·
