2550 4350
97 270 224 332 nenne>
323 267 364 316 au
383 266 536 318 nxcassu
555 240 622 320 oivr
634 267 784 319 auocari
802 267 845 320 tv.
867 271 908 320 n.
924 271 966 321 n.
1103 258 1165 321 269

98 423 235 483 internus
260 429 452 498 occupaverat
474 421 600 494 animos,
630 420 675 482 eui
697 421 861 482 remedium
884 420 1051 482 adulatione
1074 427 1166 501 quae-

97 507 230 567 rebatur.
274 506 316 565 lta
346 524 521 584 quamquam
550 505 675 565 diversis
699 524 790 582 snper
817 505 907 565 rebus
930 506 1165 580 consulerentur,

97 610 177 654 aram
201 590 391 660 clementiae,
425 609 505 650 aram
534 590 679 650 amicitiae
701 590 873 668 elligiesqne
901 590 1009 651 circum
1033 591 1168 654 Caesaris

99 696 133 737 ac
154 674 252 735 Seiani
276 692 437 747 censuere3
461 675 635 753 crebrisque
657 675 795 753 precibus
820 675 1025 752 elllagitebaut,
1049 676 1165 737 visendi

74 760 145 822 usui
175 760 289 838 copiam
319 761 457 818 lacerent.
501 759 567 818 Non
598 759 639 818 illi
668 759 817 818 tamenin
841 760 1185 839 urbemautpropin-=

52 866 69 895 ο
97 864 153 924 qua
179 844 245 904 urbi
275 843 409 920 degressi
440 851 525 902 sunt:
559 842 631 903 satis
654 843 750 903 visum
774 843 911 904 omittere
933 844 1059 905 insulam
1083 853 1113 905 et
1134 844 1164 905 in

94 928 232 1009 proximo
256 927 431 1005 Campaniae
454 926 556 1004 aspici,
607 927 649 986 Eo
674 929 774 988 venire
796 936 896 1006 patres
925 948 1032 1007 eques,
1061 948 1166 1008 magua

95 1032 166 1095 pars
195 1012 308 1092 plebis,
343 1012 419 1079 anmi
450 1030 517 1090 erga
542 1011 699 1081 Seianum,
734 1012 816 1072 cuius
842 1012 945 1073 durior
975 1033 1164 1093 congressus,

96 1109 183 1176 atque
212 1115 247 1156 eo
276 1115 330 1174 per
359 1096 500 1157 ambitum
536 1105 565 1156 et
593 1097 735 1158 societate
770 1098 961 1159 consiliorum
997 1099 1164 1176 parabatur.

55 1195 86 1244 10
97 1182 174 1243 Satis
204 1180 356 1241 constabat
383 1190 496 1241 auctam
529 1182 555 1241 ei
579 1181 778 1259 adrogantiam
802 1183 920 1242 loedum
943 1183 1014 1244 illud
1038 1184 1067 1243 in
1089 1202 1164 1264 pro·

94 1266 196 1348 patulo
226 1265 378 1326 servitium
407 1267 562 1343 spectanti.
614 1266 730 1345 Quippe
753 1264 865 1326 Romae
894 1269 970 1328 sueti
1000 1262 1185 1341 discursus,'

95 1361 125 1412 et
152 1350 346 1427 magnitudini
376 1350 457 1410 urbis
492 1351 636 1412 incertum
670 1350 750 1428 quod
783 1352 908 1430 quisque
942 1353 978 1412 ad
1013 1353 1168 1431 negotium

93 1443 213 1514 pergat:
236 1434 277 1494 ibi
300 1453 403 1513 campo
427 1444 477 1494 aut
498 1435 584 1495 litore
600 1435 730 1495 iacentes
747 1435 827 1495 nullo
844 1436 1024 1508 discrimine,
1048 1447 1164 1499 noctem

94 1539 128 1582 ac
157 1521 235 1580 diem
264 1519 342 1579 iuxta
371 1520 492 1596 gratiam
523 1528 572 1579 aut
600 1520 694 1580 lastus
725 1521 883 1581 ianitorum
913 1522 1163 1600 perpetiebantur,

11 1680 17 1689 Ι
56 1616 85 1666 15
96 1606 192 1666 donec
213 1604 242 1663 id
266 1623 383 1681 quoque
405 1604 537 1664 vetitum.
572 1603 609 1663 Et
624 1623 764 1664 revenere
780 1605 810 1665 in
827 1605 929 1665 urbem
945 1607 1063 1684 trepidi,
1087 1626 1163 1685 quos

95 1708 158 1748 non
181 1707 335 1760 sermone,
360 1706 418 1747 nou
442 1689 507 1747 visu
531 1688 666 1765 dignatus
690 1697 767 1761 erat;
802 1689 918 1766 quidam
942 1691 1017 1750 male
1040 1691 1162 1764 alacres,

98 1773 205 1851 quibus
227 1772 373 1833 inlaustae
395 1772 539 1832 amicitiae
561 1772 657 1850 gravis
681 1773 775 1832 exitus
799 1772 978 1832 imminebat.

184 1855 316 1918 Ceterum
334 1856 471 1918 'liberius
494 1865 611 1934 neptem
634 1856 1033 1935 Agrippinam-Germanico
1057 1859 1216 1931 ortam,75

96 1958 162 2002 cum
186 1960 283 2003 eoram
307 1942 358 2002 Cn.
375 1940 503 2001 Domitio
526 1940 707 2010 tradidisset,
730 1941 759 2000 in
783 1941 857 2001 urbe
879 1941 1020 2001 celebrari
1044 1941 1162 2018 nuptias

52 2026 193 2087 uuiussit.
249 2027 282 2086 ln
312 2026 441 2086 Domitio
478 2044 568 2103 super
603 2034 779 2086 vetustatem
815 2025 932 2104 generis
964 2025 1163 2105 propinquum

94 2111 270 2173 Caesaribus
294 2111 466 2190 sanguinem
490 2111 652 2188 delegerat:
685 2128 753 2170 nam
784 2109 810 2171 is
839 2111 930 2172 aviam
955 2110 1103 2172 Octaviam
1134 2118 1163 2171 et

93 2215 147 2274 per
171 2215 235 2256 eam
257 2197 422 2274 Augustum
445 2197 620 2257 avunculum
643 2195 839 2274 praelerebat.

127 2381 149 2431 3.
170 2395 247 2429 aram
266 2379 431 2442 elementiae,
458 2381 603 2443 nnumin,
694 2381 729 2430 16.
754 2381 824 2430 mule
854 2380 878 2428 d.
900 2379 914 2428 i.
944 2379 990 2429 mit
1015 2377 1166 2429 seblecblem

90 2447 141 2497 wie
161 2446 178 2496 l.
196 2450 225 2499 tt
251 2463 328 2497 uram
354 2447 520 2513 adoptionis,
547 2464 603 2497 zum
657 2446 752 2496 Grund.
780 2447 831 2497 uas
850 2447 969 2497 wordber
987 2446 1024 2497 sie
1041 2447 1167 2509 vergniagt
1266 2496 1270 2504 ,

91 2513 258 2565 Gedaicbtniss
277 2516 364 2565 daran.
410 2516 508 2566 Anders
526 2530 603 2565 aram
655 2529 743 2564 waren
767 2515 839 2565 sollte
866 2516 905 2564 ibr
928 2514 1076 2566 Verderben
1100 2514 1183 2575 sein„

94 2580 305 2640 illumillum,
327 2582 471 2632 derllbttin
491 2583 537 2632 der
554 2583 604 2632 Ra·
656 2582 757 2645 (latibus
776 2612 805 2620 —
825 2585 991 2647 imminebat,
1017 2582 1093 2633 durcb
1118 2581 1182 2631 deu'

91 2653 145 2701 ebe.
194 2648 299 2700 Circum
327 2657 366 2699 ‘zu
390 2650 480 2700 beiden
499 2649 599 2708 Seiteu',
656 2649 731 2699 Stura
750 2651 794 2700 des
812 2651 897 2715 Sejau,
920 2650 1053 2709 alneu,
1074 2650 1099 2699 iu
1118 2649 1166 2700 den

89 2719 140 2768 wie
159 2716 227 2768 xlv.
238 2720 279 2770 34.
301 2716 481 2770 Η.’11.59.’89.
655 2717 692 2767 sie
710 2717 861 2766 verwiclrelt
879 2718 993 2769 wurden.

126 2789 148 2838 6.
169 2786 295 2849 degressi,
313 2802 361 2834 von
381 2785 478 2851 Caprea
496 2784 601 2852 hereb..
686 2779 735 2841 75.
756 2788 793 2836 18.
805 2786 1106 2851 neptemAgripptnam,
1125 2784 1166 2834 dio

125 2856 148 2905 8.
168 2853 264 2904 durior
282 2869 446 2918 congressae.
486 2852 525 2902 Er
542 2852 602 2903 liess
654 2852 749 2904 blutter
772 2853 817 2901 des
841 2855 943 2918 spitern
961 2853 1066 2904 Kaisers
1085 2850 1163 2902 Nero.
1257 2916 1260 2921 Ι

91 2922 220 2971 scbwerer
250 2937 297 2971 vor
324 2922 371 2972 und
403 2936 459 2972 war
488 2920 602 2982 weniger
655 2921 680 2971 S.
702 2920 745 2972 l.3
766 2937 789 2970 u.
811 2936 841 2969 zu
860 2919 942 2972 llll.
973 2920 1017 2971 Cn.
1032 2922 1167 2971 Domitius
1207 2981 1213 2985 Ι

91 2988 270 3039 lrerablasseud
290 2989 327 3039 als
345 2987 472 3040 Tiberius.
653 2989 845 3040 Ahenobarbus
864 2987 915 3051 tVl.
929 2992 950 3039 1.
960 2991 1002 3040 45.
1013 2992 1053 3040 41.
1071 2987 1127 3038 Xll.
1139 2988 1162 3040 3.

126 3060 149 3108 9.
166 3072 216 3123 per
234 3059 375 3120 ambitum,
401 3058 442 3108 bei
468 3058 515 3107 deu
541 3056 603 3106 otu-
654 3056 722 3108 Xlll.
741 3061 780 3117 lu)
804 3071 861 3105 war
879 3057 944 3106 Sobu
964 3057 1009 3106 des
1026 3055 1056 3106 L.
1074 3056 1166 3106 Domi·
1231 3058 1233 3063 ’

91 3123 199 3173 cianten.
253 3124 385 3175 Societate
415 3127 602 3175 consiliorum:
655 3129 721 3188 tiras,
745 3141 793 3174 ron
812 3124 866 3174 dent
886 3141 916 3174 zu
936 3124 977 3175 lV.
993 3127 1040 3181 44.
1068 3123 1165 3174 welche

91 3205 147 3239 nrau
165 3192 278 3241 verband
302 3193 354 3242 sicb
378 3201 454 3244 unter
471 3193 600 3248 einander,
656 3193 734 3243 Stolle
753 3193 794 3242 die
813 3192 1045 3246 Verwaudtsobolt'
1056 3192 1099 3241 mit
1116 3191 1165 3241 deu

91 3258 143 3308 sicb
175 3260 331 3322 gegenseitig
362 3277 408 3311 zur
434 3263 548 3311 Audienz
572 3277 602 3310 zu
657 3261 874 3321 Caesarenzeigt:
896 3260 1167 3319 bberdielledeutung

90 3327 230 3377 verbellen.
655 3344 703 3378 von
731 3328 880 3378 auunculus
903 3345 935 3378 zu
952 3326 984 3377 ll.
996 3329 1037 3378 43.
1085 3324 1168 3377 Ueber·

129 3396 166 3445 12.
192 3394 390 3458 magnitudini,
421 3396 467 3445 der
491 3394 601 3445 nutauv.
656 3402 795 3446 eoram'zu
815 3395 908 3448 luat.

92 3459 407 3578 18.11111.ῗι311161ιοι·
436 3478 528 3528 eampo
557 3468 605 3512 aul
691 3465 732 3514 21.
751 3464 840 3512 auiam
854 3463 997 3515 Octaviam.
1018 3458 1165 3513 saulus.

102 3529 171 3577 itere
190 3543 221 3577 zu
277 3533 337 3582 .61.
