2550 4350
60 242 189 308 acen)
300 196 343 288 ‘aa
361 237 512 291 excussu
530 237 599 290 mvi
617 238 758 322 sucusu
770 213 795 290 '1.
816 243 856 294 52.
873 244 914 295 sa.
1091 236 1132 298 49

66 399 209 472 Quietum
235 393 306 454 inde
327 392 398 464 iter3
432 392 586 473 fidensque
611 395 780 458 recentibus
808 413 842 456 ao
868 395 1001 474 priorum
1024 401 1132 466 oblitus

66 483 156 545 miles
177 481 207 541 in
230 477 366 539 hibernis
389 479 510 539 locatur.

156 565 292 625 Nuntiata
315 583 347 623 ea
370 563 520 624 Tiberium
542 563 651 624 laetitia
680 583 808 643 curaque
830 564 972 627 adiecere.
1017 569 1184 638 Gaude-52

40 708 43 717 .
68 652 123 713 bat
150 668 321 729 oppressam
350 648 541 722 seditionem;
575 649 627 708 sed
656 649 733 728 qnod
762 649 921 728 largiendis
949 655 1081 730 pecuniis
1105 664 1134 717 et

49 736 215 799 omissione
238 733 376 795 lestinata
400 735 528 793 lavorem
551 733 675 794 militum
699 735 909 813 quaesivisset,
932 735 1033 799 bellica
1055 758 1132 818 quo-

75 840 128 900 que
150 819 314 884 Germanici
337 817 438 896 gloria,
462 817 632 896 augebatur.
675 819 799 880 Rettulit
821 829 917 883 tamen
940 821 975 881 ad
1000 835 1135 887 senatum

70 905 218 967 derebus
242 905 332 982 gestis
355 903 502 981 multaque
531 905 567 964 de
594 903 701 964 virtute
729 904 792 965 eius
821 907 1007 980 memorarit,
1040 909 1133 988 magis

68 993 100 1054 iu
122 990 254 1069 speciem
271 987 369 1049 verbis
384 988 524 1048 adornata
540 1007 626 1066 quam
643 999 675 1049 ut
689 990 807 1068 penitus
829 991 938 1052 sentire
954 992 1134 1056 crederetur.
1148 1026 1151 1031 ·
1241 1012 1245 1025 ’

69 1073 265 1138 Paucioribus
288 1074 416 1134 Drusum
440 1082 469 1133 et
487 1073 578 1133 finem
600 1074 706 1152 lllyrici
729 1084 828 1136 motus
851 1076 986 1150 laudavit,
1011 1080 1063 1141 sed
1085 1077 1133 1138 in-

38 1160 187 1223 ittentior
211 1168 240 1219 et
261 1159 318 1219 fida
341 1158 484 1218 oratioue.
535 1157 702 1238 Cunctaque
724 1178 797 1238 quae
821 1161 1012 1240 Germanicus
1037 1163 1137 1226 indul-

69 1256 151 1309 serat
172 1243 300 1304 servarit
322 1244 408 1304 etiam
431 1250 501 1320 aput
522 1242 710 1304 Pannonicos
733 1246 887 1308 exercitus.

154 1329 269 1390 Eodem
292 1346 370 1398 anno
392 1328 464 1388 lulia
488 1346 657 1407 supremum
687 1329 765 1390 diem
793 1331 882 1404 obiit,
911 1331 949 1392 ob
977 1332 1186 1412 impudici-53

66 1415 140 1485 ¹tiam
172 1412 243 1474 olim
272 1432 288 1473 a
317 1421 399 1491 patre
426 1414 557 1490 Augusto
586 1413 758 1475 Pandateria
787 1416 897 1489 insula,
929 1436 996 1477 mox
1026 1420 1135 1497 oppido
1240 1467 1246 1473 .

37 1506 40 1514 '
69 1501 251 1578 Reginorum
279 1498 344 1575 uui
380 1497 510 1558 Siculum
551 1500 655 1559 fretum
693 1499 828 1561 accolunt
864 1502 970 1562 clausa.
1028 1504 1137 1567 Fuerat
1209 1502 1213 1506 ’

36 1587 100 1648 ltin
128 1582 320 1647 matrimonio
350 1583 460 1645 Tiberii
487 1583 661 1644 llorentibus
685 1584 757 1644 Gaio
787 1593 816 1647 et
843 1585 934 1646 Luoio
957 1586 1131 1651 Caesaribus

70 1677 283 1749 spreveratque
306 1676 338 1727 ut
357 1667 516 1746 imparem
545 1687 600 1729 nee
621 1668 675 1729 alia
698 1678 756 1729 tam
779 1671 881 1730 intima
904 1671 1023 1732 Tiberio
1046 1693 1133 1736 causa

70 1775 120 1816 our
135 1754 275 1814 Rbodum
291 1751 473 1814 abscederet.
502 1752 661 1830 imperium
677 1753 801 1831 adeptus
818 1764 977 1826 extorrem,
993 1756 1131 1820 infamem

72 1848 101 1900 et
119 1848 191 1920 post
214 1838 397 1898 interiectum
419 1837 593 1896 Postumum
614 1837 772 1915 Agrippam
801 1840 897 1899 omnis
926 1840 989 1917 spei
1012 1860 1133 1919 egenam

73 1924 168 2004 iuopia
192 1942 227 1982 ac
249 1921 314 1983 tabe
336 1923 423 2000 longa
445 1920 586 2000 peremit,
620 1922 776 1981 obscuram
804 1924 868 1982 lore
890 1942 990 1984 necem
1013 1925 1132 2003 lougin-

37 2009 181 2089 quitate
206 2006 282 2069 exilii
305 2015 397 2068 ratus.
434 2006 491 2066 Par
513 2024 600 2066 causa
617 2005 755 2066 saevitiae
770 2006 801 2066 in
817 2007 1023 2085 Sempronium
1042 2010 1133 2070 Grac-

58 2094 174 2164 chum,
199 2093 248 2171 qui
272 2092 378 2154 familia
401 2091 510 2162 nobili,
543 2091 649 2152 sollers
673 2092 791 2169 ingenio
815 2100 844 2152 et
863 2111 954 2170 prave
980 2094 1134 2168 facundus,

72 2179 193 2240 eandem
226 2177 327 2237 luliam
357 2178 385 2237 in
422 2177 608 2237 matrimonio
636 2175 725 2237 llarci
754 2177 898 2256 Agrippae
931 2186 1135 2251 temeraverat

25 2322 27 2326 .
68 2264 129 2325 Neo
151 2264 178 2324 is
202 2262 314 2322 libidini
338 2262 420 2322 linis:
453 2262 586 2323 traditam
611 2261 731 2322 Tiberio
759 2264 895 2342 pervicax
923 2263 1037 2325 adulter
1057 2284 1131 2326 con-

69 2349 194 2410 tumacia
218 2355 247 2408 et
270 2347 345 2407 odiis
369 2346 399 2406 iu
420 2347 556 2411 maritum
573 2346 765 2421 accendebat3
786 2348 959 2428 litteraeque
973 2368 1043 2428 quas
1058 2350 1131 2414 lulia

60 2474 66 2485 '
98 2460 148 2520 52,
183 2467 207 2515 5.
232 2465 407 2528 quaesivisset.
444 2462 486 2511 Er
506 2463 575 2513 batte
662 2466 700 2515 16.
725 2466 854 2530 imparem
875 2465 950 2516 ‘nieht
970 2466 1131 2530 ebeubdrtig’‚

64 2533 154 2582 derum
172 2531 315 2594 geworben,
337 2531 396 2580 weil
413 2529 575 2581 Germanicus
626 2531 685 2580 weil
710 2532 747 2581 sie
774 2533 814 2582 die
832 2532 941 2583 Toclrter
968 2535 1012 2584 des
1029 2535 1135 2588 Keisers

65 2601 92 2650 in
112 2599 203 2649 seinem
220 2597 316 2650 Nomou
336 2598 451 2649 bandelte
480 2599 526 2647 uod
546 2613 575 2648 er
627 2599 676 2647 und
686 2599 781 2649 Mutter
793 2601 839 2650 der
846 2603 1030 2666 presumptiveu
1038 2602 1134 2652 Thron-
1155 2617 1159 2623 ·

66 2666 139 2718 scine
178 2666 387 2731 Zugestduduisse
434 2666 573 2728 bestitigen
628 2665 705 2715 orben
726 2665 807 2715 Gaius
825 2668 873 2716 und
891 2667 991 2717 Lucius
1008 2683 1071 2718 wer.
1105 2671 1132 2720 S.

64 2742 170 2786 musste.
629 2749 651 2782 o.
664 2735 687 2783 3.
721 2733 904 2783 Sonstlronute
923 2735 968 2784 das
987 2735 1134 2786 Claudiscbe

102 2805 125 2855 9.
145 2802 256 2869 lllyrici.
293 2803 319 2854 S.
340 2819 370 2852 zu
389 2819 410 2852 o.
421 2803 445 2852 5.
630 2799 777 2849 Gesoblecbt
794 2801 846 2850 sieb
864 2800 929 2850 wohl
948 2802 992 2851 mit
1010 2804 1063 2851 dem
1074 2803 1134 2854 ibri·

99 2874 228 2922 interritos·
240 2867 490 2933 ‘augelegeutliclrer’,
506 2868 577 2917 mehr
628 2867 687 2930 geu
700 2883 806 2918 messeu.
849 2867 877 2918 ll.
894 2867 924 2917 ll.
938 2871 969 2921 50
986 2876 1136 2924 maranum

62 2939 106 2990 bei
130 2940 177 2989 der
201 2938 295 2996 Sacbe;
325 2939 389 2988 beim
414 2937 576 2989 Germanicus
626 2938 816 3002 genusimpur,
841 2936 901 2987 Sall.
911 2936 1135 2999 ingumerem

64 3008 163 3058 maobte
182 3023 212 3056 er
229 3023 276 3057 nur
294 3006 395 3057 Worte.
626 3020 724 3070 genere
741 3007 835 3071 impar.
864 3005 1049 3068 brevians
1064 3011 1137 3075 quod

101 3079 140 3127 ll.
158 3075 326 3126 Pannonicos
344 3077 489 3138 coercitus,
514 3072 575 3123 weil
628 3076 721 3122 iuncta
739 3074 839 3138 impure¹
856 3080 927 3125 esset.

62 3142 333 3205 mebrerebegionen.
362 3143 459 3192 Ebecso
477 3141 572 3193 lll.12.
664 3143 701 3192 18.
717 3148 779 3206 post
796 3143 964 3204 interfectum
981 3144 1050 3195 Post.
1067 3146 1134 3212 Agr.

62 3211 173 3264 XV.29.
246 3214 251 3218 ’
626 3207 1137 3266 Voanermauiouserwurtetesieuiclrt

96 3274 146 3336 53.
168 3281 206 3331 13.
225 3277 387 3328 Pandataria
409 3277 441 3326 im
459 3277 575 3328 Puteola·
628 3277 686 3326 dass
705 3293 733 3327 er
756 3279 807 3328 siolr
827 3295 905 3342 gagen
923 3279 1040 3332 'liberius
1063 3285 1135 3334 erbe·

63 3348 167 3398 nisobeu
194 3345 357 3405 lleerbusen,
384 3345 496 3410 jetzigeu
517 3345 578 3396 Goll
627 3344 676 3394 ben
694 3346 789 3395 werde.

34 3456 39 3473 ,
64 3433 113 3466 von
132 3414 238 3480 Neapel.
662 3416 700 3464 tu.
721 3413 916 3480 longinquitate
928 3418 1011 3481 exilii,
1024 3418 1130 3468 seitiv.

101 3487 140 3535 ll.
159 3481 328 3547 Reginorum.
349 3481 576 3540 bieswaruiege-
629 3480 673 3531 Cb.
699 3497 729 3530 zu
747 3482 826 3533 Eude.
866 3484 1047 3537 Vell.ll.100.
1085 3484 1132 3534 Dio

62 3552 205 3603 wdbuliolre
224 3550 378 3611 Sobreibuug
403 3549 442 3598 bei
462 3549 508 3598 deu
527 3548 577 3597 lid·
629 3548 680 3598 LV.
695 3553 733 3600 to.

62 3620 266 3681 meru.obued;
285 3617 576 3678 undibretwegeuwird
663 3619 702 3669 23.
728 3622 896 3670 contramaoiu
915 3626 940 3670 et
956 3620 1023 3670 odiis
1049 3618 1133 3668 ‘durch
1164 3622 1167 3627 '

64 3690 112 3738 der
141 3688 295 3738 Relativsatz
325 3686 498 3748 binzagetdgr,
537 3688 592 3733 um‘
629 3684 857 3746 TrotzuudHass',
878 3689 974 3738 welche
992 3685 1077 3737 erbei
1096 3686 1135 3735 ibr

63 3772 114 3805 von
139 3756 225 3805 dieser
248 3755 321 3804 Studt
343 3753 454 3818 Regium
480 3752 577 3819 Lepidi
629 3762 742 3816 erregte3
763 3756 816 3805 also
839 3756 1065 3815 ‘durcbllrreguug
1080 3754 1135 3804 vou'

65 3825 172 3886 tlieggio
191 3824 224 3873 im
241 3822 455 3884 Modeuesisolreul
483 3839 513 3872 zu
531 3838 576 3871 un·
629 3838 727 3873 u.s.w.

67 3893 235 3942 tersebeiden.

108 3981 224 4024 cornelius
242 3977 332 4021 Tacitus
351 3976 368 4020 l.
396 3980 418 4021 2.
428 3977 483 4021 lull.
642 3964 644 3967 ’
961 3973 980 4023 4
1019 3993 1020 3997 ,
