2550 4350
99 284 224 348 emsa)
282 281 324 332 an
342 279 494 334 excusso
509 280 579 336 mvl
594 281 736 336 accusas
752 282 784 336 u.
804 287 845 337 ao.
859 288 901 339 u.
915 288 956 340 rs.
968 289 1008 341 re.
1102 279 1163 343 ltu

99 439 178 522 patri
202 456 236 500 ac
256 437 341 498 lratri
362 436 468 516 quibus
490 428 695 510 acerbitatibus
718 437 902 512 dilaceratus,
925 441 1030 521 quibus
1045 441 1159 506 insidiis

100 526 321 590 circumventus
344 522 537 584 miserrimam
558 523 648 584 vitam
675 524 805 603 pessima
833 534 929 587 morte
950 524 1086 587 liuierim.
1127 529 1159 590 Si

102 629 181 692 quos
208 626 280 687 spes
304 626 404 679 meae,
431 607 462 683 ,si
490 626 565 685 quos
595 609 779 688 propinquos
809 609 945 686 sanguis,
977 608 1064 671 etiam
1085 630 1159 689 quos

105 693 212 758 invidia
242 711 310 771 erga
337 693 482 753 viventem
510 692 661 764 movebat,
693 692 916 754 inlacrimabunt
937 694 1082 773 quondam
1103 697 1161 756 llo·

82 780 219 843 trcutmi
242 786 272 838 ct
295 785 340 838 tot
359 777 500 838 bellorum
524 775 714 856 superstitem
736 777 870 839 muliebri
892 779 993 839 lrande
1009 778 1161 841 cecidisse.

104 864 168 928 Erit
187 862 272 925 robis
294 861 377 923 locus
393 861 536 941 querendi
551 870 621 940 aput
635 871 780 935 senatum,
803 863 956 924 invocandi
972 864 1063 943 leges.
1095 863 1162 927 Non

104 952 162 1012 boc
188 948 377 1028 praecipuum
409 947 569 1007 amicorum
596 964 703 1006 munus
732 955 791 1019 est,
823 948 962 1027 prosequi
993 949 1162 1013 deiunctum
1210 969 1213 981 ·

102 1036 210 1115 ignavo
233 1032 356 1112 questu,
379 1032 432 1091 sed
455 1048 529 1108 quae
551 1030 676 1115 voluerit
696 1031 884 1106 meminisse,
906 1051 980 1112 quae
1002 1033 1161 1094 maudave-

102 1122 144 1182 rit
173 1117 303 1196 exsequi.
346 1116 471 1176 Flebant
494 1116 697 1187 Germanicum
725 1116 811 1178 etiam
838 1118 948 1196 ignoti:
980 1117 1162 1181 vindicabitis

65 1216 175 1275 nvos,
200 1203 227 1263 si
249 1221 296 1262 me
318 1201 418 1279 potius
441 1218 526 1278 quam
549 1201 695 1263 fortunam
711 1221 807 1263 meam
821 1201 974 1264 fovebatis.
1009 1203 1163 1265 ostendite

102 1288 216 1370 populo
245 1288 379 1346 Romano
408 1285 467 1346 divi
496 1285 619 1364 Augusti
652 1297 769 1366 neptem
801 1288 981 1366 eandemque
1009 1288 1164 1366 coniugem

100 1392 217 1444 meam3
239 1378 391 1433 numerate
415 1389 465 1431 sex
488 1370 608 1432 liberos.
644 1371 846 1441 Misericordia
869 1391 934 1434 cum
957 1373 1161 1435 accusantibus
1197 1401 1200 1409 ·

106 1460 178 1532 erit;
207 1455 445 1534 fingentibusque
467 1456 592 1517 scelesta
614 1458 749 1519 mandata
771 1465 904 1518 autnon
925 1458 1044 1520 credent
1065 1458 1164 1520 bomi-

104 1563 160 1605 ues
183 1550 234 1603 aut
256 1559 316 1601 non
339 1542 502 1617 ignoscent.
557 1540 690 1603 iuravere
718 1542 818 1614 amici,
851 1544 981 1604 dextram
1008 1542 1162 1604 morientis

70 1640 99 1690 ln
109 1628 332 1705 contingentes,
355 1625 489 1704 spiritum
512 1633 579 1685 aute
602 1645 688 1704 quam
711 1626 850 1687 ultionem
874 1627 1047 1688 amissuros.
1086 1627 1161 1689 Tum
1175 1632 1214 1693 72

110 1713 146 1773 ad
163 1729 287 1775 uxorem
309 1728 414 1770 versus
436 1729 490 1788 per
512 1711 682 1771 memoriam
706 1712 763 1783 sui,
785 1729 839 1789 per
861 1730 1031 1772 communes
1053 1711 1162 1775 liberos

110 1797 198 1858 oravit
218 1803 356 1858 exoneret
379 1793 532 1865 ferociam,
551 1795 703 1855 saevienti
726 1796 859 1854 lortuuae
882 1796 1076 1856 summitteret
1097 1797 1162 1857 ani-

107 1900 186 1944 mun
206 1900 266 1943 neu
288 1898 422 1957 regressa
445 1879 474 1938 in
497 1877 601 1951 urbem
623 1878 816 1940 aemulatione
838 1879 985 1956 potentiae
1008 1878 1164 1940 validiores

106 1966 274 2028 inritassis
301 1965 378 2025 llaec
405 1964 498 2042 palam
529 1971 556 2023 et
585 1962 639 2023 alia
667 1972 797 2036 secreto,
825 1980 880 2040 per
906 1981 979 2040 quae
1007 1962 1164 2024 ostendere

65 2052 282 2114 adcredebatnr
304 2058 412 2111 metum
436 2067 469 2109 ex
493 2047 621 2109 Tiberio.
673 2048 774 2127 Neque
802 2047 893 2107 multo
921 2054 991 2124 post
1017 2046 1162 2123 extingui-

100 2146 167 2208 tur,
197 2133 308 2214 ingenti
336 2133 415 2194 luctu
436 2133 603 2213 provinciae
632 2141 660 2194 et
683 2131 947 2194 circumiacentium
975 2130 1162 2210 populorum.
1201 2178 1203 2187 .

106 2221 266 2282 indoluere
295 2228 411 2279 exterae
439 2219 573 2279 nationes
602 2236 761 2298 regesque:
798 2226 875 2277 tanta
907 2215 948 2277 illi
983 2216 1105 2277 comitas
1132 2216 1162 2278 in

112 2306 223 2378 socios,
245 2303 440 2365 mansuetudo
464 2303 493 2363 iu
515 2304 635 2376 bostes3
657 2303 779 2381 visuque
802 2309 831 2362 et
852 2302 952 2362 auditu
973 2301 1052 2362 iuxta
1071 2320 1161 2364 venc-

112 2389 232 2461 rabilis‚
265 2406 329 2449 cum
359 2388 646 2465 magnitudinemet
673 2388 840 2466 gravitatem
870 2405 1001 2448 summae
1030 2388 1192 2450 fortunae·

70 2474 268 2546 adnumeret,
301 2473 437 2533 iuvidiam
473 2482 501 2534 et
529 2473 726 2551 adrogantiam
762 2473 911 2548 effugerat.
966 2471 1066 2533 Funus
1099 2473 1163 2534 sine
1174 2476 1213 2539 73

109 2558 287 2637 imaginibus
321 2567 349 2618 el
380 2576 502 2637 pompa,
542 2577 596 2637 per
628 2557 728 2616 laudes
760 2574 793 2614 ac
823 2557 993 2616 memoriam
1025 2556 1163 2618 virtutum

115 2645 181 2702 eius
203 2642 314 2702 celebre
337 2643 399 2704 luit.
427 2643 465 2702 Et
486 2650 569 2702 erant
591 2642 638 2719 qui
661 2642 784 2699 sormam
800 2647 922 2698 aetatem
939 2657 1031 2716 genus
1046 2641 1162 2714 mortis,

111 2727 150 2788 ob
165 2726 410 2806 propinquitatem
428 2727 513 2787 etiarn
529 2727 660 2786 locorum
677 2724 706 2783 in
722 2723 826 2801 quibus
842 2722 960 2795 interiit,
984 2722 1079 2799 magni
1094 2723 1162 2782 lile-

105 2811 210 2874 xaudri
232 2811 517 2891 latis-adaequarent.
555 2810 628 2870 Nam
643 2818 798 2886 utrumque
814 2824 938 2884 corpore
953 2806 1071 2879 decoro,
1096 2807 1160 2884 [ge-

139 2983 159 3032 l.
178 2981 275 3044 fratri,
300 2980 392 3030 selueru
410 2979 610 3046 Adoptivbrnder
695 2977 788 3028 lasea
799 2974 899 3023 liberos.
915 2973 940 3023 S.
950 2989 980 3023 zu
990 2975 1049 3026 c-4l
1061 2976 1161 3028 u.e.bl.

103 3047 209 3100 lirusus.
236 3047 610 3098 AuseinennatdrlicbenBru·
695 3046 733 3096 13.
751 3043 858 3094 scelesta
875 3042 1008 3092 mandata.
1039 3041 1064 3093 S.
1085 3045 1160 3096 old.

105 3117 150 3167 der
168 3116 301 3174 Claudius,
332 3117 378 3165 der
400 3115 608 3177 geistesscbwacb
692 3108 740 3168 72.
758 3115 798 3179 li.
817 3110 952 3172 seoriam.
989 3109 1015 3160 S.
1036 3109 1054 3161 l.
1069 3112 1110 3164 33.

106 3184 153 3233 und
171 3186 300 3234 veracbtct
315 3199 372 3233 war
385 3183 437 3243 (ΙΙΙ.
449 3186 496 3247 18),
517 3186 608 3234 lenate
692 3182 731 3232 24.
744 3195 861 3231 sumasne
869 3177 1001 3242 sorbonae,
1010 3178 1108 3232 wielV.
1120 3182 1158 3232 18.

105 3260 135 3301 'er
151 3252 205 3303 bier
223 3253 290 3302 nicbt
308 3253 412 3302 denleu.
691 3241 738 3305 78.
765 3250 803 3300 29.
821 3263 918 3311 genere
935 3250 1037 3313 insigni
1054 3247 1088 3299 ist
1107 3248 1162 3298 eine

138 3321 159 3371 3.
179 3336 237 3386 apes
254 3336 340 3383 meuc,
369 3320 413 3369 dus
437 3336 491 3370 was
516 3320 553 3369 icb
578 3335 608 3369 zu
657 3317 880 3376 liundbcmerluug
905 3331 952 3365 von
970 3315 1087 3374 demand,
1118 3317 1163 3367 der

104 3388 206 3438 werden
226 3390 274 3438 und
289 3405 319 3438 zu
332 3388 418 3438 leisten
428 3388 532 3437 berulen
542 3402 606 3438 war.
659 3385 691 3434 im
710 3383 935 3446 Vorbergcbcnden
961 3384 1005 3432 das
1022 3384 1062 3435 bci
1078 3400 1163 3449 gertus

107 3454 272 3522 Propinquus
290 3457 331 3506 loir
346 3458 519 3521 propinquata.
660 3451 778 3502 stebcnde
795 3453 887 3500 mortis
905 3451 1020 3500 ubereub.
1048 3451 1117 3502 Denu
1131 3453 1163 3502 da

139 3526 161 3574 5.
180 3524 304 3574 muliebri
326 3524 430 3585 fraude.
474 3521 549 3572 Nicbt
572 3521 609 3571 als
661 3522 705 3570 dus
724 3519 870 3569 Gcscblecbt
887 3518 918 3567 im
937 3517 1162 3579 Verbergebcndcn

105 3588 136 3638 ob
153 3606 181 3642 cr
198 3590 349 3642 seinenTed
367 3607 414 3641 nur
426 3589 549 3640 Weibern
568 3605 610 3638 zu·
660 3588 728 3638 nicbt
744 3588 857 3636 erwdbnl
874 3587 913 3642 ist.
934 3586 999 3635 laun
1017 3601 1044 3634 cs
1062 3588 1122 3636 aucb
1137 3588 1161 3637 in

105 3658 218 3710 scbriebe
247 3667 285 3718 ter
307 3661 350 3709 bat
373 3661 435 3710 eben
449 3666 541 3721 gesagt
557 3673 610 3706 sca·
661 3658 745 3706 diesen
758 3653 873 3710 Worteu.
895 3653 989 3703 welche
1001 3653 1045 3701 das
1053 3652 1162 3705 Vorber-

107 3725 169 3776 teris
191 3728 295 3778 Pisonis
321 3733 346 3776 et
362 3729 527 3790 Plancinae),
554 3740 610 3776 son·
661 3723 771 3787 gebende
797 3722 940 3784 begrdnden
964 3718 1160 3784 salicumque),

108 3792 169 3842 dcru
183 3795 242 3844 weil
251 3795 433 3846 Giltmiscberci
445 3796 484 3846 ein
495 3797 609 3845 uumdnn-
660 3793 727 3842 nicbt
744 3791 887 3853 uolgelsibrt
904 3788 1020 3843 werden;
1049 3788 1097 3835 und
1121 3790 1162 3837 in·

106 3859 185 3911 licbes
204 3863 363 3913 Verbrecbcn
381 3864 422 3914 ist.
658 3862 731 3926 n'grni
748 3860 780 3909 ist
797 3859 836 3908 ein
849 3856 910 3905 weit
924 3853 1162 3907 binterdchabr·

122 3920 126 3940 '
142 3932 179 3981 ll.
200 3931 332 3995 dioiAag.
346 3937 454 3996 neptem.
473 3932 500 3983 S.
510 3929 606 3983 aubi.
659 3929 711 3980 beit
727 3922 965 3978 zoricbblcibeuder
982 3923 1119 3975 Ausdrucls.

144 4019 257 4062 Cornelius
277 4020 364 4064 Tacitus
382 4020 399 4063 1.
428 4023 449 4063 2.
459 4021 515 4064 bun.
995 4009 1010 4061 9
