2550 4350
98 283 121 324 p.
135 270 173 314 cs.
187 263 228 330 cs)
274 234 317 316 nn
335 267 489 319 nxcnssu
505 267 575 320 urvr
593 269 734 322 uuousrr
752 271 869 326 xrvno.
882 277 1026 340 susum
1118 270 1178 330 145

108 430 155 482 set
184 421 221 482 iis
244 421 330 482 libris
354 422 462 502 quibus
485 441 596 485 nomen
619 425 982 490 codicillorumdederat.
1019 430 1177 496 Adiciebat

110 505 214 566 Talius
237 505 379 570 Geminus
410 517 567 570 accusator
589 509 738 571 venditata
763 511 799 572 ab
823 531 859 573 eo
882 525 1005 572 munera
1029 515 1177 592 principis

107 597 138 648 et
161 589 425 667 adipiscendorum
448 592 596 661 honorum
619 592 676 654 ius.
701 594 783 667 Quae
800 615 888 658 causa
904 597 1018 658 Neroni
1039 599 1096 658 fuit
1110 617 1177 659 sus·

108 672 241 751 cipieudi
278 675 398 748 iudicii,
440 677 900 756 convictumque,lleient0nem
937 681 1021 742 ltalia
1059 682 1177 760 depulit

82 766 141 818 5et-
173 758 267 818 libros
305 760 388 820 exuri
432 760 540 834 iussit,
579 761 766 840 conquisitos
809 765 1041 844 lectitatosque,
1080 767 1206 827 donee·

107 848 174 902 cum
211 844 345 920 periculo
384 845 582 922 parabantur:
621 865 689 906 mox
721 847 842 910 licentia
879 848 1009 910 habendi
1048 850 1175 911 oblivio-

105 944 174 986 nem
197 927 305 987 attulit.
527 984 531 992 ,
754 1007 757 1011 ¹

192 1011 250 1071 Sed
282 1011 524 1088 gravescentibus
558 1014 587 1074 iu
612 1013 676 1074 dies
698 1015 829 1093 publicis
851 1015 938 1076 malis
962 1016 1097 1078 subsidia
1119 1018 1174 1078 rni-
1187 1021 1225 1082 51

105 1094 283 1166 nuebantur,
308 1096 519 1176 concessitque
541 1098 599 1158 vita
623 1098 744 1170 Burrus,
777 1099 925 1161 incertum
947 1100 1115 1162 valetudine
1138 1121 1177 1191 an

65 1188 95 1237 10
106 1197 232 1239 veneno.
257 1180 398 1240 Valetudo
416 1199 451 1240 ex
473 1201 508 1241 eo
533 1181 766 1256 coniectabatur,
791 1185 871 1262 quod
893 1185 923 1244 in
948 1203 981 1245 se
1004 1194 1175 1247 tumescen-

89 1262 187 1336 ¹tibus
210 1264 352 1341 paulatim
375 1264 513 1326 faucibus
536 1275 565 1326 et
588 1266 732 1344 impedito
756 1277 855 1328 meatu
879 1268 1017 1346 spiritum
1040 1270 1174 1330 finiebat.

94 1347 209 1408 ·Plures
233 1348 318 1409 iussu
341 1349 484 1422 Neronis,
518 1350 603 1428 quasi
627 1352 793 1411 remedium
818 1351 1020 1425 adhiberetur,
1054 1353 1174 1432 inlitum
1237 1377 1240 1382 ·

103 1430 235 1509 palatum
260 1433 325 1492 eius
349 1433 437 1493 noxio
461 1433 661 1496 medicamine
685 1435 911 1510 adseverabant,
935 1437 1105 1498 etBurrum
1127 1439 1174 1511 ip-

103 1515 224 1576 tellecto
259 1517 383 1590 scelere,
419 1536 486 1577 cum
514 1520 550 1578 ad
580 1519 736 1580 visendum
769 1539 836 1581 eum
864 1521 1008 1600 princeps
1030 1523 1172 1597 venisset,

63 1608 258 1678 inaspectum
289 1601 354 1661 eius
384 1610 551 1663 aversatum
580 1602 747 1663 sciscitanti
781 1605 926 1664 hactenus
959 1606 1171 1683 respondisse:

101 1682 166 1760 Ego
193 1703 242 1744 me
272 1684 348 1746 bene
370 1686 477 1746 habeo.
516 1685 634 1746 Civitati
657 1687 768 1762 grande
792 1687 976 1747 desiderium
1000 1687 1065 1747 eius
1088 1706 1172 1749 man·

103 1767 144 1827 sit
170 1786 225 1845 per
252 1769 428 1830 memoriam
458 1769 576 1830 virtutis
608 1779 638 1829 et
666 1788 876 1830 successorum
899 1770 1024 1830 alterius
1049 1767 1172 1847 segnem
1264 1817 1271 1823 .

101 1850 316 1925 innocentiam,
347 1854 470 1914 alterius
498 1853 729 1932 flagrantissima
759 1854 882 1930 flagitia.
921 1853 1041 1932 Quippe
1064 1855 1173 1914 Caesar

101 1936 178 2004 duos
205 1937 366 2016 praetoriis
397 1937 573 1999 cohortibus
602 1938 800 2016 imposuerat,
829 1938 974 1999 Faenium
995 1937 1104 1998 Rufum
1135 1956 1171 1999 ex

58 2020 182 2098 20vulgi
207 2023 317 2094 favore,
349 2023 417 2102 quia
441 2043 505 2084 rem
528 2023 754 2083 frumentariam
777 2023 843 2083 sine
867 2030 992 2101 quaestu
1015 2021 1170 2094 tractabat,

102 2104 261 2165 Sofonium
284 2107 475 2184 Tigellinum,
504 2118 634 2169 veterem
664 2107 875 2185 inpudicitiam
906 2117 994 2185 atquc
1018 2106 1171 2166 infamiam

101 2189 132 2248 in
164 2209 199 2249 eo
224 2201 354 2253 secutus.
393 2192 489 2271 Atque
513 2192 557 2252 illi
579 2211 635 2271 pro
660 2192 790 2269 cognitis
812 2191 948 2252 moribus
972 2192 1065 2263 fuere,
1100 2188 1172 2250 vali-

102 2273 171 2334 dior
193 2274 359 2352 Tigellinus
382 2277 413 2336 in
437 2277 536 2338 animo
558 2277 708 2356 principis
732 2286 760 2337 et
783 2277 897 2337 intimis
920 2275 1097 2336 libidinibus
1121 2275 1173 2333 ad·

102 2366 250 2437 sumptus,
273 2379 419 2439 prospera
443 2362 547 2441 populi
571 2372 601 2423 ct
622 2362 751 2422 militum
766 2362 844 2423 fama
860 2361 977 2440 Rufus}
996 2360 1075 2439 quod
1093 2357 1172 2439 apud
1195 2366 1197 2374 '

59 2451 90 2500 25
100 2442 252 2503 Neronem
276 2445 431 2504 adversum
459 2445 677 2522 experiebatur.
1146 2458 1150 2462 '

184 2527 264 2585 Mors
286 2527 372 2586 Burri
400 2527 522 2603 infregit
544 2530 676 2609 Senecae
705 2526 879 2605 potentiam,
912 2527 980 2604 quia
1004 2544 1060 2586 nec
1082 2525 1170 2585 bonis
1182 2528 1223 2588 52
1265 2538 1268 2543 “

102 2607 216 2669 artibus
245 2609 324 2681 idem
352 2610 460 2671 virium
490 2617 554 2669 erat
577 2610 669 2669 altero
692 2609 779 2669 velud
803 2610 878 2668 duce
902 2617 1011 2678 amoto,
1041 2617 1071 2666 et
1092 2607 1170 2668 Nero

154 2742 176 2789 l.
209 2740 393 2790 codicillorum
425 2738 609 2789 ‘Testamente’.
697 2738 721 2787 3.
741 2736 848 2787 Neroni
863 2736 918 2796 suit
934 2737 1099 2800 suscipiendi
1118 2737 1172 2787 iud.

98 2807 135 2856 Es
164 2807 221 2856 lam
249 2808 273 2855 in
300 2802 346 2857 der
372 2805 516 2857 Kaiscrzeit
545 2805 612 2855 dftcr
663 2802 689 2853 S.
711 2819 742 2852 zu
761 2802 803 2852 lll.
827 2805 866 2853 10.
1067 2867 1073 2880 .

98 2891 146 2925 vor
164 2876 223 2925 dass
241 2870 611 2925 nraninseinem'l'estamcnta
697 2868 745 2926 51.
768 2872 858 2920 ibin
881 2885 908 2918 re
941 2875 1027 2929 ¹gegen
1052 2869 1104 2917 sich
1122 2869 1170 2918 zu'.

98 2943 192 2993 seinem
218 2943 277 3005 lang
294 2942 467 3005 verborgenen
486 2938 611 2990 Unwillen
662 2936 714 2988 llus
736 2937 826 2986 lnnerc
851 2937 896 2986 der
920 2935 998 2984 Kehle
1022 2942 1173 2997 ver-engerte

98 3027 178 3074 gegen
198 3011 348 3062 denKaiser
365 3011 415 3061 und
434 3009 528 3059 andere
547 3008 610 3059 liobe
662 3005 715 3057 sich
733 3006 811 3055 durch
830 3004 878 3054 den
897 3003 1031 3054 Schvvulst.
1068 3003 1173 3053 Metitur

97 3078 225 3130 Personen
237 3079 298 3131 Luft
315 3078 422 3128 machle.
443 3080 496 3128 Ans
508 3074 609 3126 solcben
662 3073 830 3130 deshthonrs
852 3074 971 3138 spiritus,
990 3087 1045 3137 was
1063 3085 1109 3121 aus
1127 3071 1174 3120 der
1229 3110 1235 3118 .

97 3146 213 3208 fingirten
249 3146 429 3199 Testamenten
468 3145 608 3197 bestunden
661 3142 741 3192 Sache
760 3141 810 3191 und
827 3140 883 3190 deur
901 3140 1044 3202 folgenden
1063 3156 1095 3189 zu
1115 3153 1174 3189 ver·

68 3263 73 3267 ,
99 3213 168 3262 diese
186 3215 292 3264 Biicber.
369 3224 373 3231 ’
539 3273 543 3280 .
660 3212 731 3261 stchn
751 3209 791 3259 ist.
945 3276 951 3287 ⁹
1065 3275 1070 3286 ·
1103 3273 1108 3293 '

131 3282 156 3330 2.
177 3281 320 3331 venditata.
345 3281 382 3331 Er
399 3281 463 3332 habe
478 3281 531 3331 sich
545 3279 609 3331 Geld
697 3281 735 3329 15.
757 3279 890 3339 hactenus,
910 3276 961 3325 d.r.
981 3275 1116 3325 hardres.
1135 3273 1172 3322 lm
1207 3318 1214 3331 ,

97 3345 251 3396 vouLeuten
271 3347 349 3408 geben
367 3347 461 3404 lescen,
482 3348 563 3402 denen
580 3363 610 3398 cr
659 3344 803 3406 llolgenden
829 3343 892 3406 liegt
916 3345 962 3394 der
979 3343 1032 3393 Ton
1052 3341 1099 3418 anf
1113 3355 1169 3416 ego.

99 3413 177 3461 durch
202 3414 271 3463 scine
295 3413 409 3465 Fdrbitte
432 3413 499 3463 bciru
517 3413 609 3464 Kuiser
659 3411 704 3462 hlit
733 3412 788 3466 dem
814 3425 855 3459 me
883 3413 946 3460 benc
972 3413 1055 3486 liabeo
1079 3414 1113 3455 rst
1130 3407 1171 3454 dre

98 3479 307 3541 Befdrdcruogen
325 3479 387 3529 oder
405 3479 499 3529 andero
517 3479 609 3530 Bcwil·
660 3479 730 3527 Ruhe
750 3477 794 3526 des
813 3476 958 3528 Gewissens
977 3480 1091 3538 genennt.

97 3547 216 3609 ligungcn
234 3546 381 3597 auswirkte.
420 3544 568 3596 Venditare
584 3547 610 3596 iu
697 3547 737 3596 te.
753 3547 922 3609 imposuerat.
941 3537 1169 3620 Dasuplusqnampf.

98 3615 145 3663 der
163 3613 525 3680 ursprdngliehcnbedcutvmg
546 3620 610 3663 ‘ven
662 3611 730 3661 nicht
755 3611 779 3661 in
799 3612 882 3674 Bezug
906 3611 953 3660 auf
974 3610 1014 3658 dre
1031 3606 1096 3684 Zert,
1129 3620 1170 3654 wo

97 3682 198 3732 kaufen’
222 3683 284 3731 auch
309 3682 338 3731 ll.
360 3680 378 3730 l.
400 3682 433 3733 66
457 3679 507 3729 und
533 3680 610 3730 sebon
660 3678 756 3730 Burrus
775 3680 853 3736 starb,
876 3679 984 3728 sondern
1002 3691 1043 3724 wo
1063 3674 1171 3722 drevor·

98 3748 151 3799 Cic.
172 3748 245 3800 Verr.
267 3748 298 3798 ll.
320 3752 359 3806 54.
383 3750 430 3800 135
459 3750 548 3798 omnia
567 3748 609 3797 de-
660 3738 1171 3808 hergeschilderteStinnnungderLaute

99 3822 172 3867 creta
196 3819 357 3882 peritissime
386 3822 413 3865 et
439 3814 608 3866 callidissime
660 3813 798 3863 hernschte.
836 3812 919 3862 Uebcr
941 3810 1058 3859 Facilius
1085 3805 1173 3865 Rufus

97 3883 258 3935 venditabat.
318 3890 321 3903 ⁴
660 3896 691 3930 zu
700 3879 770 3930 Xlll.
780 3882 826 3939 22;
849 3877 998 3942 Tigellinus
1009 3872 1116 3928 qulV·
1126 3874 1168 3927 48.

135 3973 252 4018 Cornelius
262 3973 352 4020 'lucitus
360 3971 387 4014 ll.
933 3961 964 4011 '10
