2550 4350
123 308 182 371 188

517 312 675 371 continuit
693 311 804 365 Tucim

1066 315 1138 376 (a.u.
1151 306 1197 360 818

120 474 269 536 tradidere
299 471 336 531 de
359 467 628 548 consequentibus.
672 467 745 528 Nam
767 473 836 528 ‘oum
857 464 1112 527 secumrservilis
1138 466 1200 527 aui·

120 578 186 620 mus
215 555 348 637 praemia
370 553 517 632 perfidiae
539 551 696 634 reputavit,
732 550 880 629 simulque
902 548 1042 610 inmensa
1065 551 1200 629 pecunia

121 654 151 705 et
172 640 307 722 potentia
330 637 575 710 obversabantur,
606 635 698 698 cessit
720 636 765 697 ias
789 644 819 696 et
840 634 922 696 salus
944 635 1072 712 patroni
1096 643 1130 695 et
1152 655 1199 696 ac-

120 736 224 806 ceptae
246 722 395 786 libertatis
418 720 574 784 memoria.
618 720 737 782 Etenim
760 719 861 785 moris
885 736 1005 797 quoque
1030 719 1197 780 consilium

118 813 336 890 adsumpserat,
366 807 513 868 muliebre
536 825 570 866 ac
594 805 743 867 deterius:
774 804 885 883 quippe
908 802 986 864 ultro
1009 812 1131 864 metum
1152 806 1217 865 iu·5

121 894 262 968 tentabat,
290 892 461 971 multosque
492 890 624 951 astitisse
653 890 778 951 libertos
809 908 844 949 ae
867 905 981 959 servos,
1010 887 1064 965 qui
1089 889 1193 950 eadem

122 980 268 1053 viderint3
298 977 373 1038 nihil
401 976 591 1056 profuturum
614 974 702 1035 unius
726 973 894 1045 silentium3
927 979 957 1032 at
979 973 1121 1050 praemia
1143 992 1191 1052 pe-

64 1068 105 1128 55
124 1085 178 1126 nes
200 1082 292 1126 unum
314 1063 389 1133 lore,
413 1060 463 1139 qui
484 1060 597 1121 indicio
619 1059 834 1138 praevenisset.
876 1055 971 1133 Igitur
994 1065 1107 1135 coepta
1129 1057 1195 1118 luce

120 1150 259 1212 Milichus
288 1147 318 1207 in
347 1146 451 1206 hortos
474 1144 659 1204 Servilianos
681 1143 794 1223 pergit,
824 1150 853 1202 et
875 1159 942 1201 oum
965 1140 1085 1202 loribus
1111 1160 1194 1203 arce-

119 1243 211 1305 retur,
235 1249 341 1308 magna
364 1239 394 1288 et
415 1228 529 1288 atrocia
552 1227 669 1288 adferre
693 1227 833 1287 dictitans
857 1226 1067 1303 deductusque
1089 1226 1131 1286 ab
1150 1227 1190 1286 ia·
1202 1233 1226 1283 10

120 1316 270 1379 nitoribus
294 1314 329 1373 ad
353 1310 491 1371 libertum
513 1311 643 1371 Neronis
665 1310 915 1388 Epaphroditum,
939 1328 1009 1369 mox
1032 1310 1071 1371 ah
1094 1329 1133 1371 eo
1158 1310 1194 1370 ad

119 1400 280 1468 Neronem,
313 1413 422 1472 urgens
457 1393 635 1471 periculum,
670 1409 774 1469 graves
807 1393 991 1466 coniuratos,
1028 1405 1060 1454 et
1092 1406 1194 1456 cetera

120 1502 195 1563 quae
218 1481 363 1551 audierat,
387 1478 615 1551 coniectaverat,
638 1478 737 1538 docet.
761 1477 867 1539 Telum
891 1497 1010 1558 quoque
1034 1478 1067 1539 in
1086 1497 1193 1541 necem

120 1567 185 1629 eius
213 1573 349 1645 paratum
379 1563 511 1624 ostendit
534 1562 686 1642 accirique
708 1582 792 1623 reum
815 1562 912 1623 iussit.
956 1562 986 1623 ls
1008 1573 1116 1642 raptus
1140 1581 1193 1642 per

119 1651 230 1713 milites
254 1660 284 1709 et
305 1649 515 1710 defensionem
538 1666 635 1721 orsus,
659 1648 781 1721 lerrum,
806 1648 890 1708 cuius
906 1657 1092 1724 argueretur,
1119 1648 1191 1708 olim
1200 1655 1226 1705 15

118 1735 263 1814 religione
286 1733 383 1812 patria
406 1733 518 1794 cultum
541 1733 623 1794 etin
648 1732 784 1793 cubiculo
810 1731 945 1792 habitum
968 1750 1003 1792 ac
1026 1733 1135 1794 fraude
1157 1733 1192 1793 li-

118 1822 198 1883 berti
220 1819 394 1897 suhreptum
417 1817 584 1896 respondit.
626 1816 757 1878 Tabulas
780 1816 949 1898 testamenti
971 1816 1138 1894 saepiusa
1161 1835 1194 1878 se

118 1916 150 1966 et
171 1904 353 1966 incustodita
376 1903 492 1964 dierum
516 1901 725 1962 observatione
748 1901 891 1978 signatas.
928 1900 1079 1961 Pecunias
1104 1910 1135 1963 et
1156 1902 1193 1962 li·

118 1990 250 2052 bertates
279 1987 374 2047 serris
403 1995 433 2048 et
460 1993 528 2047 ante
556 1984 635 2046 dono
666 1987 759 2057 datas,
790 1985 843 2045 sed
871 1983 940 2044 ideo
970 1992 1042 2045 tune
1066 1985 1190 2064 largius,

120 2074 189 2152 quia
212 2071 294 2133 tenui
317 2072 375 2132 iarn
397 2090 430 2132 re
453 2069 594 2131 familiari
617 2079 647 2131 et
667 2069 848 2131 instantibus
872 2066 1076 2130 creditoribus
1096 2081 1225 2132 testa-to

119 2166 222 2219 mento
246 2156 406 2217 diffideret.
428 2154 588 2215 Enimvero
611 2154 751 2215 liberales
768 2172 888 2232 semper
904 2155 1007 2231 epulas
1025 2154 1192 2231 strmisse3

119 2244 209 2303 vitam
232 2258 388 2301 amoenam
412 2247 442 2299 et
465 2239 548 2299 duris
566 2237 717 2299 iudicibus
732 2256 836 2315 parurn
852 2237 1020 2314 probatam.
1042 2239 1192 2302 Fomenta

117 2323 290 2385 volneribus
319 2322 399 2382 nulla
422 2322 506 2382 iussu
529 2339 594 2394 suo,
622 2321 677 2381 sed
701 2321 770 2399 quia
792 2331 892 2381 cetera
915 2322 1015 2400 palam
1036 2335 1114 2385 vana
1138 2325 1191 2386 ob-

118 2407 250 2478 iecisset,
287 2406 450 2481 adiungere
483 2404 607 2475 crimen,
641 2404 726 2464 cuius
756 2423 824 2467 sese
854 2407 968 2485 pariter
996 2406 1133 2470 indicem
1162 2417 1189 2470 et

118 2499 226 2553 testem
249 2489 371 2549 laceret.
415 2487 516 2549 Adicit
537 2487 627 2549 dictis
650 2491 867 2565 constantiam;
897 2491 1016 2553 incusat
1038 2492 1226 2554 ultrum-25

149 2661 172 2709 1.
199 2657 231 2707 de
249 2657 474 2722 consequentibus,
503 2655 566 2706 iiber
584 2642 637 2707 die¹

115 2725 248 2788 folgenden
277 2724 432 2786 Ereigoisse.
472 2723 514 2774 ste
544 2724 625 2774 hohen

115 2795 160 2844 dus
173 2793 299 2856 Folgeude
317 2807 345 2842 so
365 2792 468 2852 erzihlt,
491 2792 549 2842 dass
567 2807 623 2842 man

115 2861 222 2923 glauben
245 2876 313 2913 rauss
338 2859 454 2910 Milichus
480 2860 544 2910 habe
570 2868 625 2911 erst

110 2930 179 2992 jetzt
195 2928 323 2979 Verdaoht
341 2928 480 2993 geschb'plt.
498 2927 563 2976 *Dies
580 2926 625 2977 he-

115 2996 183 3045 zieht
197 2995 250 3044 sloh
268 2995 316 3045 aul
328 2994 373 3046 dua
388 3010 409 3044 o.
420 2999 452 3046 55
468 2994 619 3052 Rerichtete,

114 3063 220 3112 wonach
237 3060 353 3111 Milichus
370 3058 459 3112 Nlchts
476 3059 625 3110 vorzubrin-

115 3144 163 3191 geu
180 3127 257 3177 weiss
282 3126 320 3175 als
343 3141 398 3176 was
416 3141 446 3175 er
462 3127 518 3176 hier
536 3128 626 3188 gehort

114 3196 177 3246 oder
204 3193 313 3255 gescheu
338 3194 390 3242 hat.
427 3192 479 3244 Dus
508 3193 624 3257 fulgendo

113 3277 185 3323 mam,
212 3258 272 3310 weil
289 3259 322 3308 im
339 3258 568 3323 Vorhergehenden
588 3264 625 3313 in-

115 3330 197 3379 direct
219 3329 420 3392 ausgesprochen
443 3328 477 3380 ist
501 3331 559 3382 dass
577 3331 628 3382 Mis

115 3397 194 3447 lichus
208 3397 276 3460 jetzt
292 3411 348 3445 zum
366 3395 507 3449 Verritther
523 3400 621 3450 wurde.

87 3498 92 3519 .
149 3468 173 3516 5.
199 3463 326 3513 muliebre
351 3479 392 3524 oc⁴
409 3464 533 3532 deterius,
561 3465 624 3516 wel-

113 3532 173 3581 ches
193 3531 363 3596 (eonsilium)
383 3549 440 3584 war
457 3535 507 3585 wie
526 3534 570 3582 das
589 3532 624 3581 ei·

115 3613 160 3649 nes
186 3598 294 3650 Weihes
323 3617 354 3650 zu
383 3602 436 3651 sein
465 3602 541 3666 pilegt
570 3600 619 3648 und

113 3667 255 3716 schleohter
273 3668 311 3718 als
329 3670 374 3718 das
393 3669 471 3716 scine.

149 3734 203 3791 55.
223 3737 247 3787 9.
269 3737 359 3786 hortor
377 3732 547 3783 Seruilianos.
567 3731 623 3785 lhre

114 3799 184 3862 Lago
209 3802 242 3851 ist
267 3802 417 3860 unbekannt,
444 3799 573 3852 vielleicht
590 3802 623 3852 im

113 3866 218 3918 Ber'eich
238 3868 284 3916 der
302 3868 395 3923 domate
413 3884 496 3919 aurea
514 3872 545 3930 (c.
556 3872 608 3929 42).

149 3937 188 3986 11.
208 3933 432 4000 Epaphroditum,
449 3932 623 3988 deuNoehlol·

677 2672 724 2720 ger
754 2657 798 2706 des
826 2658 1005 2723 Doryphoroe
1032 2657 1115 2728 (Xtv.
1135 2662 1189 2724 65).

677 2724 748 2774 Suet.
769 2723 831 2774 Nor.
852 2727 894 2776 49.

712 2795 751 2844 16.
773 2793 904 2856 religione
914 2796 1012 2857 patria.
1024 2794 1127 2845 Erwar
1137 2794 1192 2845 also

675 2874 720 2909 aus
739 2860 907 2910 Ferentinum.
935 2861 960 2910 S.
981 2876 1002 2910 c.
1024 2864 1066 2914 53.

709 2928 749 2978 20.
781 2933 934 2978 testamento
953 2928 1099 2994 diffideret,
1130 2929 1192 2981 weil

674 3009 723 3044 von
751 2996 796 3046 der
823 2995 1000 3045 vorhandeneo
1025 2996 1112 3048 Masso
1137 3006 1192 3048 erst

678 3061 718 3111 die
748 3062 885 3123 Gliuhiger
916 3062 1055 3128 helriedigt
1083 3066 1192 3116 werdon

676 3138 794 3187 mussten,
821 3129 901 3179 bevor
925 3131 965 3180 die
991 3132 1023 3182 im
1042 3131 1192 3183 Testament

676 3196 833 3247 bestimmten
843 3195 1025 3261 Schenlruugen
1039 3201 1191 3265 ayosgezahlt

676 3264 779 3314 werden
797 3262 914 3315 houuteu.

709 3331 750 3381 22.
771 3331 854 3380 vitam
872 3360 904 3370 ·—
919 3337 1069 3399 probatam.
1094 3336 1189 3386 llierzu

676 3397 710 3447 ist
727 3397 810 3458 fuisse
829 3416 861 3450 zu
879 3405 1013 3464 ergiiuzeu.
1050 3442 1056 3448 .

710 3466 752 3516 23.
770 3467 863 3540 pplom
881 3470 970 3531 gehlirt
988 3486 1019 3520 zu
1037 3485 1117 3520 oona.

709 3534 750 3585 24.
780 3538 856 3585 euius
872 3565 905 3574 -
922 3537 1030 3600 faceret,
1063 3538 1115 3586 und
1143 3538 1191 3589 das

676 3601 763 3652 darurn
782 3603 849 3652 nicht
860 3604 995 3666 widerlegt
1005 3605 1112 3654 werden
1126 3605 1191 3654 kdo-

675 3683 714 3728 ue,
736 3668 927 3720 weilNiemand
946 3686 1035 3722 ausser
1052 3671 1129 3721 ihneu
1144 3674 1190 3724 da·

674 3735 716 3787 bei
735 3735 852 3798 geweseu
871 3741 950 3788 ware.

708 3806 749 3855 25.
776 3805 949 3855 intestabilem
974 3812 1001 3856 et
1022 3807 1190 3858 conscelera-

673 3876 743 3934 tum,
770 3886 860 3932 wegen
886 3872 930 3922 des
959 3873 1077 3924 Undanhs
1104 3890 1190 3938 gegeu

672 3939 759 3989 seiuen
776 3939 925 3990 Freilusser.
