2550 4350
104 288 267 364 potesse)
287 288 328 336 ao
347 251 500 340 excessu
518 288 586 340 mvi
606 288 746 340 auoosrr
760 289 829 342 xm.
837 293 877 343 22.
885 295 924 344 ea.
933 297 972 346 24.
981 298 1020 348 25.
1130 289 1170 352 87

106 444 184 523 apud
209 441 355 502 aerarium
380 441 564 502 sectionibus
588 443 721 502 famosus
755 452 785 504 et
816 453 876 505 tum
905 447 1044 507 vanitatis
1073 449 1182 514 mani?
1221 472 1225 480 ⁴

104 532 209 589 festus.
253 526 396 586 Nectum
420 537 502 602 grata
524 525 673 608 Pallantis,
692 528 864 589 innocentia
888 548 976 608 quam
999 533 1097 608 gravis
1120 553 1169 596 su·

80 611 207 691 peruia
232 612 302 670 fuit:
337 611 448 689 quippe
471 611 633 671 nominatis
662 611 779 672 libertis
808 613 888 685 eius,
924 632 1000 692 quos
1031 618 1171 681 conscios

51 696 55 701 “
103 696 243 775 haberet,
260 695 419 772 respondit
441 694 516 755 nihil
532 714 669 774 umquam
680 695 721 756 ¹se
737 695 819 757 domi
835 697 895 757 nisi
917 708 991 759 nutu
1013 710 1065 761 aut
1079 720 1169 764 manu

76 781 300 859 osignihcasse,
324 779 370 838 vel
393 779 419 839 si
442 779 528 858 plura
551 781 784 841 demonstranda
807 790 919 855 essent,
942 784 1056 862 scripto
1072 804 1169 860 usum,

100 885 138 926 ne
160 881 263 924 vocem
288 863 486 924 consociaret.
529 863 659 936 Burrus,
683 864 818 943 quamvis
839 885 925 937 reuS,
950 868 1028 929 inter
1054 869 1171 932 iudices

102 949 283 1010 sententiam
307 947 389 1007 dixit.
433 947 623 1026 Eriliomque
639 950 808 1009 accusatori
830 942 1007 1027 inrogatum,
1031 962 1061 1012 et
1084 953 1179 1025 tabu-¹

101 1036 148 1094 lae
172 1042 292 1092 exustae
310 1039 385 1091 -sunt
408 1032 517 1110 quibus
540 1032 709 1094 oblitterata
725 1034 834 1094 aerarii
850 1035 971 1096 nomina
987 1037 1169 1099 retrahebat.

186 1115 261 1176 Fine
284 1116 354 1175 anni
378 1117 466 1176 statio
491 1116 624 1176 cohortis
648 1117 788 1179 adsidere
816 1118 895 1179 ludis
918 1119 1007 1182 solita
1031 1121 1167 1182 demove·
1180 1125 1222 1186 24

59 1211 159 1272 10tur,
183 1219 241 1278 quo
264 1199 362 1259 maior
384 1200 502 1278 species
524 1199 673 1261 libertatis
696 1210 786 1271 esset,
811 1210 903 1281 utque
921 1204 1008 1264 miles
1032 1206 1169 1267 theatrali

99 1286 239 1346 licentiae
263 1302 323 1343 non
346 1281 510 1361 permixtus
533 1285 743 1363 incorruptior·
759 1298 876 1363 ageret,
906 1295 935 1347 et
957 1287 1062 1366 plebes
1086 1290 1171 1351 daret

88 1370 355 1447 experimentum,
391 1387 427 1428 an
461 1367 571 1428 amotis
602 1369 778 1438 custodibus
806 1371 985 1432 modestiam
1014 1374 1168 1434 retineret.

101 1455 212 1514 Urbem
234 1452 377 1531 princeps
399 1452 537 1513 lustravit
558 1471 594 1513 ex
618 1472 765 1531 responso
789 1454 992 1534 haruspicum,
1018 1458 1098 1535 quod
1120 1458 1169 1518 lo·-

100 1538 145 1598 vis
169 1557 204 1598 ac
226 1536 376 1597 Minervae
400 1538 490 1597 aedes
514 1536 551 1597 de
574 1537 656 1598 caelo
680 1536 913 1599 tactaeerant.¹

62 1635 91 1684 15
194 1621 230 1692 Q.
252 1621 375 1681 Volusio
399 1622 432 1681 P.
456 1621 602 1698 Scipione
628 1620 802 1681 oonsulibus
833 1624 926 1682 otium
954 1623 1046 1695 foris,
1081 1625 1167 1686 foeda
1180 1628 1274 1688 252!

101 1705 183 1766 domi
204 1705 337 1789 lascivia,
363 1724 419 1782 qua
442 1703 521 1765 Nero
545 1703 651 1764 itinera
675 1703 758 1763 urbis
785 1712 815 1763 et
835 1704 989 1782 lupanaria
1014 1710 1048 1765 et‘
1065 1708 1169 1769 dever-

102 1788 192 1849 ticula
214 1799 296 1850 veste
320 1789 421 1849 servili
444 1789 476 1849 in
499 1785 770 1847 dissimulationem
787 1786 833 1846 sui
857 1787 1043 1866 compositus
1065 1808 1168 1868 perer-

102 1873 203 1945 rabat,
238 1873 451 1934 comitantibus
480 1871 531 1951 qui
554 1880 696 1950 raperent
716 1870 881 1931 venditioni
905 1871 1041 1950 exposita
1063 1881 1093 1932 et
1115 1873 1169 1933 ob-

101 1959 158 2018 viis
181 1957 301 2018 volliers
324 1958 480 2028 inferrent,
505 1956 647 2028 aelrersus
671 1954 792 2038 ignaros
809 1956 884 2016 adeo
909 1967 940 2016 ut
961 1955 1029 2034 ipse
1052 1974 1171 2034 quoque

59 2055 91 2105 20
104 2043 255 2120 exciperet
277 2043 354 2103 ictus
377 2051 407 2102 et
429 2060 481 2103 ore
503 2041 678 2119 praeferret.
709 2039 823 2100 Deinde
847 2039 1078 2101 ubi‘Caesarem
1103 2058 1170 2102 esse
1193 2046 1198 2053 '

50 2180 56 2188 .
103 2127 154 2205 qui
178 2129 373 2203 grassaretur
388 2125 557 2206 pernotuit,
593 2123 837 2204 augebanturque
871 2124 997 2193 iniuriae
1027 2125 1170 2185 adversus

100 2211 183 2270 viros
206 2210 392 2290 feminasque
414 2212 565 2289 insignes,
595 2219 624 2272 et
647 2209 768 2288 quidam
790 2209 938 2288 permissa
960 2208 1054 2269 semel
1076 2207 1171 2271 licen·

100 2295 142 2356 tia
177 2294 232 2355 sub
264 2296 386 2356 nomine
414 2295 543 2357 Neronis
576 2294 662 2356 inulti
693 2295 827 2374 propriis
856 2313 921 2366 eum
945 2293 1047 2372 globis
1066 2293 1170 2354 eadem

101 2379 295 2451 exercebant,
330 2380 360 2439 in
384 2382 504 2441 modum
528 2379 710 2459 captivitatis
734 2399 792 2440 nox
821 2375 979 2457 agebatur3
1017 2377 1172 2457 Iuliusque

58 2466 260 2546 25‘Montanus
284 2464 429 2523 senatorii
453 2463 578 2535 ordinis,
602 2464 655 2524 sed
672 2464 723 2542 qui
740 2465 873 2525 nondum
895 2464 1041 2524 honorem
1064 2481 1171 2540 capes-

103 2548 210 2617 sisset,
235 2553 415 2622 congressus
438 2547 515 2607 forte
537 2564 592 2623 per
613 2547 754 2607 tenebras
778 2566 845 2609 cum
868 2547 1020 2624 principe,
1053 2544 1172 2621 quievi

102 2635 296 2691 attentantem
330 2628 439 2688 acriter
470 2627 659 2706 reppulerat,
696 2628 806 2690 deinde
840 2629 993 2706 adgnitum
1026 2636 1169 2696 oraverat,

103 2712 188 2793 quasi
213 2711 440 2790 exprobrasset,
464 2710 540 2771 mori
564 2711 688 2771 adactus
711 2721 767 2773 est.
811 2711 890 2770 Nero
913 2721 1012 2771 tamen
1035 2718 1171 2768 metuen-

98 2828 202 2880 theiltcr
219 2827 369 2884 imGanzen,
392 2841 431 2876 um
449 2842 477 2877 es
494 2824 612 2887 mitVor-
663 2832 746 2882 stern,
769 2824 835 2874 Soho
854 2824 898 2874 des
918 2821 946 2875 D.
966 2823 1104 2886 Volusius,
1126 2838 1176 2872 von

98 2897 161 2948 theil
183 2896 301 2946 nertheilt
324 2911 355 2946 on
373 2895 489 2946 blebrere
514 2893 613 2945 wieder
664 2890 806 2956 delell.
827 2892 867 2948 30,
900 2907 921 2941 s.
942 2907 973 2941 zu
990 2890 1032 2941 th.
1055 2892 1096 2954 320.
1140 2889 1177 2941 Er

99 2982 131 3016 zu
150 2965 297 3014 verlaufen.
617 3007 620 3011 ,
648 2974 719 3028 ,νην
744 2957 862 3008 Arvale.¹
894 2958 958 3008 blar.
985 2967 1036 3008 tav.
1062 2955 1174 3008 XVll.·b.

133 3035 158 3084 8.
196 3033 349 3083 oblitterata
373 3033 476 3081 aarum
501 3031 611 3080 nomina
662 3023 746 3078 Ueber
764 3024 854 3091 Scipio
872 3041 904 3075 zu
921 3024 967 3075 Xl.
989 3028 1012 3077 2.

102 3100 136 3149 ‘in
154 3099 351 3162 Vergessenbeit
368 3100 504 3161 gerethene
517 3097 612 3156 Forde·
648 3103 654 3110 ’
696 3096 738 3146 25.
757 3094 889 3143 senatorii
905 3093 1016 3156 ordinm,
1034 3091 1097 3151 aber
1109 3091 1177 3142 nicht

98 3182 195 3228 rungen
214 3168 258 3217 des
275 3167 385 3218 Aerars'.
418 3166 494 3216 ⁴Dies
511 3165 611 3215 konnen
661 3166 783 3225 senator,
801 3160 851 3212 wie
871 3160 910 3210 die
929 3159 1062 3223 folgenden
1079 3157 1175 3212 Worte

98 3235 278 3297 Forderungen
287 3235 348 3292 sein,
371 3235 411 3283 die
422 3249 468 3284 ans
483 3234 539 3283 dem
546 3231 611 3282 Ver·
662 3229 767 3292 zeigen:
785 3229 852 3278 ¹donn
872 3228 897 3278 in
909 3228 956 3277 den
971 3228 1057 3293 Senot·
1100 3233 1175 3288 engte

98 3303 188 3363 mdgen
206 3301 392 3352 Verurtheilter
409 3298 441 3350 'an
460 3301 506 3351 des
528 3303 611 3354 Aernr
661 3313 719 3348 man
737 3297 815 3346 durch
837 3295 881 3354 die.
896 3293 1015 3359 Quietum
1046 3320 1049 3325 ·
1130 3293 1176 3344 Se-

99 3369 149 3418 und
168 3383 199 3416 an
224 3368 264 3416 ihu
291 3368 484 3429 nhergegaogeu
510 3381 606 3416 wnren.
662 3364 857 3422 natorenstnpde
889 3364 1011 3431 gebdrten
1041 3358 1104 3410 anch
1134 3358 1175 3407 die
1216 3420 1222 3428 .

98 3434 320 3485 Wohrscbeinlich
347 3434 409 3483 aber
432 3433 498 3483 trieb
522 3448 551 3482 er
568 3449 611 3482 ne·
664 3431 881 3482 Senatorensdbne
907 3430 957 3479 und
976 3429 1017 3478 die
1034 3423 1175 3477 rimfsohen

99 3498 612 3553 hondenSecuonennoehdnsGesentn
660 3499 759 3558 itiner,
799 3497 839 3548 die
871 3497 912 3547 die
941 3490 1175 3545 Beemtencnrriere

99 3567 279 3629 Forderungen
297 3568 342 3617 des
360 3568 461 3616 Aerers'
478 3566 612 3631 nufznspd·
662 3566 765 3616 macheu
782 3564 887 3616 wollten
913 3562 962 3613 und
987 3558 1103 3610 desshalb
1128 3557 1176 3607 den

99 3650 146 3686 ren
166 3635 214 3683 und
229 3634 402 3696 einzuklagen,
421 3649 461 3684 um
470 3633 511 3684 die
521 3633 616 3685 darauf
663 3634 733 3683 lotus
752 3633 841 3683 elanus
858 3639 956 3693 trugen.
979 3627 1047 3677 Suet
1065 3623 1127 3674 Ner.
1143 3626 1176 3676 26

100 3710 230 3767 gesetzten
242 3700 610 3764 Belohnungenzogewinnen.
663 3708 740 3751 neunt
758 3700 799 3749 ibn
819 3700 898 3750 deber
916 3695 1076 3756 laticlauios.

136 3767 189 3824 25.
210 3772 250 3820 15.
277 3768 370 3818 luscbr.
395 3768 420 3819 b.
440 3768 512 3820 Grnt.
534 3771 557 3827 9.
578 3770 610 3820 4:
698 3770 739 3820 28.
758 3773 854 3817 tamen.
875 3764 910 3813 Es
929 3757 1128 3811 istzweifelbalt
1145 3755 1176 3806 ob
1235 3794 1238 3798 »

100 3837 129 3902 Q.
151 3836 261 3887 Volusio
280 3834 443 3900 Satnmtino)
468 3837 496 3888 P.
517 3834 614 3888 Corne·
665 3835 775 3885 diellds.
796 3832 962 3895 nouantem)
982 3826 1174 3888 oderisium)
1217 3837 1220 3842 ·

102 3907 138 3956 lio
159 3903 299 3971 saeptione)
318 3919 369 3955 cos.
392 3904 489 3962 ‚Ueber
508 3904 615 3963 dener-
665 3903 718 3954 bnt
755 3899 816 3951 Tac.
843 3899 886 3948 bat
904 3901 992 3974 autore
1015 3895 1040 3946 in
1059 3895 1107 3945 den
1124 3891 1173 3946 BB.
1202 3942 1205 3947 .
