2550 4350
70 267 141 323 pen
153 264 195 324 14)
267 257 313 309 nti
331 257 481 310 EXCESSU
497 258 567 312 DlVl
584 258 725 311 AUGUSTI
744 258 763 310 l.
783 262 825 311 115.
839 262 879 313 46.
893 263 934 314 ll.
948 264 989 315 48.
1107 255 1149 314 45

75 424 158 477 stum
186 413 270 474 sessa
298 420 390 473 aetate
416 416 526 473 totiens
559 413 590 473 in
613 413 786 475 Germanias
809 432 975 475 commeare
996 417 1148 494 potuisse:

73 498 232 562 Tiberium
267 497 412 579 vigentem
446 500 530 558 annis
560 499 665 559 sedere
694 499 723 559 in
753 507 873 571 senatu,
912 499 1000 559 verba
1030 509 1147 577 patrum

75 580 288 646 cavillantem?
324 582 402 642 Satis
424 591 616 662 prospectum
640 583 768 643 urbanae
791 583 939 643 servituti:
970 583 1145 646 militaribus

78 669 184 730 animis
207 666 375 727 adhibenda
397 669 543 740 tomenta,
576 677 608 729 ut
629 669 708 728 ferre
731 685 831 744 pacem
855 668 955 727 velint.
999 668 1146 731 lnm‘otum
1156 676 1199 737 47

55 754 221 815 conversus
251 769 305 811 eos
334 770 489 812 sermones
518 753 667 830 fixumque
689 751 808 812 Tiberio
838 753 893 813 luit
924 770 986 812 non
1009 753 1147 815 omittere

79 845 165 917 capnt
200 854 302 896 rerum
337 854 432 914 neque
467 855 501 897 se
533 854 655 913 remque
693 837 839 915 publicam
880 837 1043 898 incassum'
1066 838 1146 898 dare.

75 920 166 984 llulta
194 921 306 999 quippe
334 930 363 981 et
392 922 507 982 diversa
535 921 695 998 angebant:
725 922 848 982 validior
876 940 930 999 per
958 921 1146 983 Germaniam

75 1006 240 1076 exercitus,
277 1005 403 1084 propior
436 1014 506 1083 aput
534 1005 731 1078 Pannoniam
769 1008 818 1067 ille
847 1007 1005 1067 Galliarum
1037 1006 1145 1087 opibus

76 1091 239 1162 subnixus,
269 1089 317 1150 bic
338 1089 437 1151 ltaliae
465 1091 637 1151 imminens:
674 1110 750 1169 quos
780 1092 870 1170 igitur
899 1090 1083 1153 anteferret?
1114 1110 1148 1153 ac

39 1186 68 1238 10
77 1195 117 1237 ne
139 1173 303 1254 postpositi
325 1175 504 1236 contumelia
527 1176 764 1238 incenderentur.
801 1179 838 1238 m
859 1196 914 1257 per
935 1177 1011 1238 lilios
1034 1177 1146 1256 pariter

76 1259 168 1333 adiri,
200 1258 354 1319 maiestate
387 1260 480 1334 salva,
520 1260 567 1321 cui
598 1261 691 1322 maior
728 1280 744 1321 e
772 1261 933 1340 longinquo
969 1263 1145 1324 reverentia.

73 1345 170 1407 Simul
192 1343 432 1405 adulescentibus
455 1353 626 1405 excusatum
654 1346 796 1424 quaedam
825 1347 861 1407 ad
884 1355 998 1425 patrem
1020 1347 1144 1418 reicere,

74 1429 307 1506 resistentisque
328 1428 503 1489 Germanico
533 1439 583 1490 aut
606 1430 700 1490 Druso
731 1449 822 1509 posse
852 1449 867 1492 a
896 1450 928 1492 se
950 1431 1077 1510 mitigari
1099 1432 1145 1492 vel

73 1514 214 1592 infringi:
247 1513 326 1590 quod
342 1513 421 1573 aliut
444 1514 624 1587 subsidium,
654 1515 680 1575 si
702 1515 912 1594 imperatorem
937 1513 1145 1596 sprevissent?

38 1611 66 1660 1⁵
76 1600 216 1661 Ceterum
240 1605 274 1657 ut
294 1596 353 1657 iuni
374 1598 490 1678 iamque
513 1599 619 1674 iturus,
642 1600 714 1678 legit
735 1600 871 1673 comites,
894 1602 1073 1678 conquisivit
1087 1602 1145 1661 im-

73 1684 263 1764 pedimenta,
294 1682 447 1743 adornavit
474 1701 579 1743 naves:
607 1703 676 1744 mox
705 1683 832 1744 biemem
856 1693 906 1745 aut
928 1687 1046 1763 negotia
1066 1687 1146 1746 varie

75 1776 216 1831 causatus
239 1765 336 1845 primo
357 1767 530 1846 prudentes,
554 1766 621 1827 dein
645 1768 772 1845 vulgum,
797 1769 963 1828 diutissime
976 1769 1144 1848 provincias
1237 1836 1239 1841 ,

75 1852 187 1916 lelellit.

85 1974 93 1981 -
158 1937 198 1996 te
226 1934 434 2007 Germanicus,
472 1952 646 2014 quamquam
679 1942 830 1995 contracto
865 1936 995 1996 exercitu
1027 1944 1057 1996 et
1088 1955 1142 2014 pa·
1155 1941 1198 2003 48

38 2030 141 2084 torota
162 2021 194 2082 in
219 2019 384 2080 defectores
406 2020 534 2093 ultione,
562 2019 691 2080 dandum
720 2020 816 2081 adbuc
843 2019 969 2098 spatium
992 2027 1090 2093 ratus,
1119 2021 1146 2082 si

75 2107 188 2169 recenti
219 2104 353 2183 exemplo
377 2104 433 2165 sibi
457 2106 514 2184 ipsi
539 2103 743 2177 consulerent,
776 2103 939 2183 praemittit
966 2103 1080 2164 litteras
1109 2105 1146 2165 ad

76 2191 249 2262 Caecinam,
272 2189 374 2250 venire
396 2208 432 2249 se
451 2189 655 2252 valida·manu
678 2209 720 2264 ac,
744 2189 775 2250 ni
798 2189 973 2269 supplicium
997 2189 1027 2248 in
1051 2188 1144 2250 malos

107 2344 130 2394 3.
150 2339 328 2391 cavillantem.
364 2339 391 2390 S.
410 2354 432 2389 c.
443 2342 474 2392 12
489 2357 512 2391 ιι.
526 2344 564 2393 13.
635 2341 698 2391 dere
709 2342 796 2392 letiam.
821 2340 930 2391 Phaedr.
942 2339 986 2392 lV.
996 2342 1061 2398 23‚l
1081 2341 1148 2392 Far-

104 2403 154 2468 47.
178 2412 202 2460 4.
221 2409 355 2458 Immotum
373 2423 470 2458 n.s.w.
509 2409 580 2473 Virg.
634 2412 704 2459 mica
722 2415 748 2459 et
763 2425 855 2460 mamea
873 2409 1067 2460 contendebant
1077 2413 1147 2460 acri-

71 2479 136 2529 Aen.
156 2475 257 2527 1V.15:
286 2473 400 2525 Simili
421 2490 475 2525 non
493 2480 583 2528 animo
636 2482 675 2526 ter
692 2493 761 2542 quae
774 2478 865 2542 pluris
882 2482 953 2527 asset.
991 2477 1062 2527 Pers.
1079 2479 1146 2535 219

70 2545 159 2608 ficum
177 2546 366 2607 immotumque
381 2542 489 2593 eederet.
635 2545 727 2595 laea-eo
744 2547 804 2609 quis
817 2547 911 2610 potior·
927 2544 1011 2593 iudex
1024 2547 1148 2609 puerisve

107 2615 131 2665 6.
149 2614 284 2662 incassum
306 2611 347 2660 ldr
363 2613 393 2660 in
411 2626 515 2676 casum,
533 2613 583 2662 wie
635 2615 694 2675 qais
712 2615 803 2678 aptior·
820 2614 892 2661 orbis
903 2610 1009 2675 (Jupiter
1020 2612 1146 2660 adersta-

71 2683 204 2746 impecius
220 2680 293 2730 c.35.
327 2677 421 2739 Caesus
439 2679 516 2728 findet
530 2680 583 2729 sicb
630 2681 706 2743 just?
723 2679 779 2727 luv.
791 2682 814 2734 8.
826 2681 873 2729 195
891 2677 978 2739 Finge
988 2683 1075 2726 tamem
1086 2677 1148 2740 gla-

70 2746 208 2799 mebrmals
222 2746 264 2796 bei
276 2744 337 2796 Tac.
352 2751 385 2808 (z.
393 2747 423 2795 ll.
440 2745 471 2794 ll.
481 2747 521 2798 23.
532 2749 582 2810 25),
638 2746 696 2794 dios
713 2745 776 2793 inde
793 2750 873 2808 atque
885 2745 947 2791 binc
955 2744 1062 2806 pulpita
1071 2746 1145 2807 pomi.

70 2816 123 2867 wie
147 2815 210 2864 aneb
235 2829 330 2865 camec
354 2821 473 2877 (commeo
493 2829 516 2863 ιι.
532 2818 585 2876 a).-
637 2811 709 2875 Quid
725 2814 829 2860 satius?
852 2810 914 2860 Tae.
923 2810 984 2859 noch
997 2807 1061 2861 lll.l
1082 2810 1149 2875 quid

71 2883 158 3002 galat.
175 2881 194 2932 l.
208 2884 231 2941 ἵ,
245 2883 279 2934 20'
296 2881 407 2932 schreibt
424 2881 511 2932 beides
529 2882 585 2933 dem
632 2896 686 2947 pro
705 2885 821 2945 tempore
838 2878 916 2940 foret.

92 2952 125 3002 ic.
147 2951 198 3000 und
216 2950 264 2999 der
281 2951 399 3000 nicbsten
417 2949 475 3000 Zeit
491 2966 530 3000 zu.
671 2964 703 2998 aa
734 2962 823 3011 wegeu
850 2948 895 2997 des
925 2945 1077 2996 wiederbolt
1104 2961 1147 3010 ge·

105 3021 129 3072 v.
155 3032 223 3084 quos
245 3017 287 3067 ffir
308 3023 398 3079 amos,
424 3017 520 3068 eeltner
535 3017 584 3068 Ge·
636 3018 743 3067 dacbteu
761 3018 882 3082 angebat.
925 3014 951 3064 ln
970 3014 1064 3065 diesem
1084 3014 1148 3067 Ver·

70 3086 177 3137 brancb.
203 3084 257 3135 Cic.
269 3086 359 3135 addit.
371 3083 439 3136 XVl.
453 3089 515 3144 ll,l
534 3102 583 3136 von
635 3086 691 3135 bum
710 3085 772 3148 liegt
795 3084 907 3147 augleicb
926 3084 1148 3134 Uuentscblosscn-

71 3154 197 3205 Octavian
228 3154 278 3203 und
302 3152 424 3203 Antonius
454 3159 585 3219 atquem
635 3153 876 3204 belt.undFurcbt:
898 3153 1088 3203 dabervorber
1106 3153 1147 3204 die

71 3223 136 3272 velia
149 3222 269 3284 nescim,⁸
288 3220 455 3271 adramvlt.
466 3223 508 3278 3,t
520 3221 586 3286 qaid
635 3222 724 3283 Frage,
742 3222 810 3284 jetzt
828 3221 875 3271 der
893 3221 954 3273 Sata
971 3220 1016 3271 mit
1033 3237 1073 3272 ne.

71 3295 138 3340 met
155 3291 285 3353 optimum
302 3288 379 3350 facta
397 3289 430 3349 tin
447 3286 534 3339 italien
552 3306 584 3340 zu
672 3291 709 3339 lb.
728 3289 924 3354 impedimenta,
943 3288 1147 3339 bierbesooders

69 3355 489 3418 bleibeuodereszuvcrlassenl.
508 3357 581 3407 Caes.
634 3355 741 3414 Plcrde,
775 3356 923 3406 Maultbiere
955 3357 1004 3405 und
1032 3357 1144 3418 Wagcu.

31 3421 34 3426 ’
69 3424 94 3474 b.
108 3423 175 3476 Gall.
184 3422 216 3474 V.
226 3425 293 3481 lm
309 3424 347 3473 Hi
355 3423 436 3487 (Pullo
446 3425 494 3474 und
504 3425 584 3474 Vore-
636 3424 704 3474 Suet.
721 3423 777 3473 Tib.
788 3426 820 3476 38
839 3427 958 3488 quamvis
973 3440 1059 3489 prope
1071 3428 1147 3488 quot·

69 3495 126 3553 nus)
142 3495 290 3558 perpetuas
306 3494 377 3541 inter
393 3508 421 3540 se
433 3497 584 3542 controuer-
636 3494 715 3542 anais
735 3492 931 3556 prosectionem
956 3494 1145 3557 praepararet,

68 3562 124 3610 siaa
142 3559 283 3622 habebant,
307 3561 416 3624 quinam
440 3561 586 3621 antefme-
635 3560 764 3609 coticulis
777 3554 979 3625 comproberisio,
996 3557 1146 3608 commeati-

70 3631 123 3676 tur.
155 3625 434 3688 Virg.lleu.Xll.'ll9
452 3643 500 3675 von
520 3628 584 3677 zvvei
636 3628 684 3676 bus
708 3643 760 3692 per
791 3631 939 3694 municipia
970 3631 996 3675 et
1028 3624 1147 3673 colonias

69 3693 187 3744 Stiereu:
223 3696 284 3758 quia
312 3697 417 3745 canori
442 3697 583 3760 imperitet,
636 3693 677 3744 dis
698 3698 778 3745 coitis·
1160 3729 1162 3737 ι

69 3776 148 3826 quern
167 3765 224 3812 tota
242 3766 365 3811 amenta
382 3768 537 3828 sequantur,
557 3780 580 3813 u.
709 3802 717 3820 .
737 3765 775 3813 ll.
786 3765 888 3813 recenti
897 3758 1024 3824 ememplo.
1039 3757 1064 3806 S.
1074 3759 1142 3809 cli.

68 3830 120 3879 rm
136 3844 186 3878 von
198 3826 301 3878 Turnus
315 3830 486 3880 undbeueas:
507 3846 584 3896 quem
670 3833 709 3882 22.
731 3829 877 3880 Caecinam.
903 3828 994 3877 Dicser
1011 3839 1068 3875 war
1079 3825 1141 3882 also,

69 3895 181 3947 &mmet
198 3895 276 3956 labor
293 3901 322 3945 'at
338 3912 389 3960 quo
407 3904 502 3962 uergat
515 3914 584 3963 pon·
635 3899 755 3948 nacbdem
774 3912 802 3947 er
815 3898 856 3946 die
869 3902 936 3946 crste
952 3909 976 3943 ιι,
991 3893 1146 3956 zwanzigsto
