2550 4350
109 285 172 349 tuo
504 280 665 337 connexu
681 278 794 333 rector
841 289 846 299 ·
1061 285 1190 346 (seen

108 467 161 512 ros
183 442 293 508 castris
316 437 462 501 occultari
485 445 537 498 aut
558 437 658 513 lugam
680 432 926 512 circumspicere.
959 431 1003 495 lle
1019 436 1186 521 strepitum

109 530 232 612 quidem
260 534 290 587 et
320 524 482 585 clamorem
512 530 557 580 tot
577 519 705 591 milium,
734 519 846 580 nedum
866 517 998 612 impetus
1021 527 1056 579 et
1076 538 1186 583 manus

108 614 289 696 perlaturos.
326 608 358 668 Si
382 596 487 685 copias
509 615 701 676 armatorum,
730 601 757 663 si
779 619 886 663 causas
907 601 981 662 belli
1003 619 1115 665 secum
1136 624 1186 669 ex·

53 683 60 696 ⁰
108 697 286 779 penderent,
313 690 494 752 vincendum
524 688 574 749 illa
602 689 667 749 acie
687 685 734 747 vel
756 686 922 747 cadendum
946 704 1027 781 esse.
1060 688 1098 749 ld
1120 704 1187 751 mn·

59 781 180 849 tutiori
209 777 408 840 destinatum:
436 773 571 833 virerent
597 772 655 834 riri
683 780 713 833 et
741 770 898 832 servirent.
941 769 986 831 lle
1015 771 1205 835 Suetoniuso

112 864 235 946 quidem
270 861 302 920 in
330 867 413 919 tanto
442 857 620 918 discrimine
647 855 767 916 silebat.
804 854 992 931 Quamquam
1016 857 1185 921 confideret

110 947 225 1020 virtuti,
256 952 356 1017 tamen
384 941 608 1002 exhortationes
636 948 667 1002 et
687 957 795 1018 preces
816 938 973 1010 miscebat,
1003 951 1038 999 ut
1058 959 1185 1019 sperne·

110 1039 181 1095 rent
200 1046 329 1091 sonores
350 1024 548 1087 barbarorum
570 1033 601 1085 et
622 1023 729 1085 inanes
750 1023 859 1083 minas.
881 1021 954 1083 Plus
976 1022 1042 1083 illic
1058 1025 1185 1087 lemine-
1250 1044 1253 1107 !

112 1132 179 1178 rom
208 1130 297 1191 quam
319 1110 483 1173 iuventutis
504 1108 611 1188 aspici.
648 1106 779 1169 inbelles
800 1106 934 1167 inermes
956 1125 1103 1170 cessuros
1125 1118 1185 1172 sta·
1250 1114 1253 1129 '

114 1199 177 1269 tim,
206 1196 257 1257 ubi
286 1196 401 1256 terrum
428 1193 628 1271 virtutemque
655 1190 838 1252 vincentium
867 1190 980 1252 totiens
1009 1191 1073 1253 lusi
1095 1203 1216 1271 agno-tt

112 1282 238 1341 sissent
260 1278 360 1341 Etiam
381 1277 415 1337 in
436 1276 538 1337 multis
559 1275 731 1352 legionibus
753 1292 876 1351 paucos,
900 1274 952 1353 qui
973 1275 1093 1352 proelia
1115 1297 1185 1356 pro-

113 1364 270 1443 fligarent3
292 1362 467 1439 gloriaeque
489 1378 594 1421 eorum
615 1376 808 1419 accessurum
831 1357 912 1436 quod
934 1359 1056 1421 modica
1077 1380 1185 1423 manus

114 1447 247 1509 universi
275 1445 425 1507 exercitus
447 1445 556 1503 lamam
578 1441 828 1520 adipiscerentur.
859 1441 994 1503 Conserti
1018 1453 1135 1507 tanturn
1156 1455 1187 1508 et

114 1530 186 1612 pilis
215 1529 335 1591 emissis
364 1534 435 1606 post
460 1525 641 1587 umbonibus
664 1534 694 1585 et
716 1525 824 1602 gladiis
847 1535 976 1602 stragem
998 1529 1185 1609 caedemque

116 1613 338 1685 continuarent,
359 1609 489 1689 praedae
512 1609 709 1679 inmemores:
733 1619 819 1687 parta
839 1609 964 1670 victoria
980 1623 1093 1675 cuncta
1108 1614 1184 1694 ipsis
1194 1623 1216 1673 ιι

117 1715 251 1760 cessura.
282 1697 313 1758 ls
343 1694 433 1755 ardor
459 1694 552 1755 verba
572 1694 659 1755 ducis
682 1693 872 1771 sequebatur,
905 1694 946 1755 ita
968 1713 1005 1756 se
1025 1698 1067 1757 ad
1089 1697 1184 1761 intor-

23 1834 26 1839 .
117 1781 235 1861 quenda
262 1779 325 1859 pila
348 1777 521 1857 expedierat
542 1786 627 1839 vetus
649 1777 736 1837 miles
759 1786 790 1839 et
810 1777 903 1839 multa
924 1778 1117 1856 proeliorum
1138 1802 1185 1845 ex·

114 1865 272 1945 perieulis,
294 1870 327 1923 ut
349 1869 449 1925 certus
472 1869 597 1925 eventus
620 1861 783 1923 Suetonius
806 1862 892 1923 daret
911 1880 1031 1940 pugnae
1054 1866 1184 1944 signum.

66 1952 107 2013 37
117 1952 160 2011 Ac
185 1948 284 2029 p'rimo
312 1946 392 2025 legio
424 1946 517 2024 gradu
545 1945 659 2004 inmota
690 1955 720 2005 et
748 1945 901 2023 angustias
922 1947 983 2008 loci
1005 1967 1064 2027 pro
1086 1951 1186 2013 muni·

117 2041 219 2094 mento
246 2030 392 2102 retinens,
420 2037 582 2109 postquam
615 2028 742 2106 propius
776 2047 956 2107 suggressus
977 2031 1079 2095 bostis
1102 2044 1219 2099 corun

118 2116 199 2178 iactu
226 2113 288 2175 tela
309 2114 496 2183 exhauserat,
524 2110 612 2171 velud
635 2130 731 2174 cuneo
754 2114 863 2191 erupit.
886 2113 970 2175 ldetu
993 2117 1184 2181 auxiliarium

117 2199 267 2280 impetns3
300 2204 332 2257 et
358 2212 451 2273 eques
480 2195 627 2272 protentis
655 2197 752 2258 hestis
780 2198 939 2275 perfringit
961 2202 1043 2278 quod
1066 2202 1186 2265 obvium

118 2291 151 2345 et
168 2279 300 2343 validum
322 2286 396 2339 erat.
420 2278 520 2340 Ceteri
534 2280 617 2357 terga
639 2281 815 2360 praebuere,
838 2280 955 2343 dillicili
971 2284 1095 2363 effugio,
1120 2289 1187 2366 quia

118 2362 312 2427 circumiecta
332 2360 470 2423 vehicula
491 2375 668 2445 saepserant
689 2364 798 2425 abitus.
821 2364 859 2424 Et
873 2365 960 2427 miles
975 2386 1014 2429 ue
1028 2370 1189 2433 mulierum
1256 2408 1260 2443 ς

119 2444 241 2527 quidem
263 2443 332 2505 neci
354 2446 557 2525 temperabat;
580 2451 755 2527 confixaque
777 2448 847 2509 telis
863 2451 953 2511 etiam
968 2451 1218 2525 iumentacor-tt
1254 2448 1260 2511 l

119 2544 228 2609 porum
248 2526 398 2590 cumulum
421 2542 573 2595 auxerant.
603 2533 689 2594 Clara
710 2539 741 2593 et
763 2532 895 2611 antiquis
917 2535 1053 2597 victoriis
1075 2557 1134 2616 par
1154 2559 1187 2601 ea
1256 2538 1259 2543 ’

119 2610 171 2673 oie
191 2608 257 2671 laus
279 2620 381 2688 parta:
404 2616 517 2698 qnippe
539 2625 610 2680 sunt
632 2615 682 2695 qui
705 2617 794 2693 puolo
811 2617 911 2678 minus
928 2637 1017 2698 quam
1033 2622 1186 2701 octoginta

119 2692 204 2757 milia
231 2693 444 2757 Britannorum
470 2702 618 2764 cecidisse
644 2699 782 2777 tradant·
800 2701 928 2763 militum
958 2704 1185 2787 quadringentis

152 2870 207 2933 80.
226 2876 251 2926 8.
272 2888 388 2928 sonores.
407 2878 434 2929 S.
453 2896 486 2929 an
502 2879 521 2929 1.
543 2881 584 2929 65.
714 2884 755 2935 21.
776 2883 837 2947 telo,
858 2884 904 2935 der
920 2885 1022 2937 Romer.
1041 2888 1097 2941 liet·
1113 2892 1191 2943 lleind

154 2944 195 2994 lb.
220 2943 395 3010 vincentium,
432 2946 509 2997 deren
535 2942 628 3005 Eigon-
678 2947 724 2999 bot
750 2950 826 3000 durch
853 2952 905 3001 sein
934 2952 1119 3009 llernurticlren
1143 2961 1190 3011 det

118 3006 202 3058 scball
219 3006 265 3058 das
283 3008 375 3074 Siegeu
392 3012 433 3071 ist,
458 3011 512 3060 ‘der
526 3008 628 3073 Siegge·
679 3015 836 3069 Gescbossen
854 3019 901 3069 der
910 3019 1003 3072 lldmer
1020 3023 1062 3074 eiu
1079 3026 1190 3079 sicberes

117 3073 252 3125 W⁰¹¹1110¹1’·
679 3082 734 3135 Ziol
756 3085 806 3135 und
832 3085 958 3138 bewirlte
981 3089 1041 3141 does
1061 3092 1191 3147 dieaelben

136 3143 195 3199 =¹¹·
211 3157 322 3209 Pam&
344 3145 406 3195 ‘⁸⁰5³
422 3143 583 3205 ⁰⁵W011580'·
679 3146 729 3198 ttllc
747 3150 887 3202 Gescbosse
905 3156 1064 3208 eutstndten.

152 3209 194 3260 13.
214 3216 241 3260 et
256 3210 390 3263 verbiudet
406 3208 475 3259 nicbt
486 3207 555 3261 bloss
563 3214 628 3279 pilis
713 3217 755 3267 to.
775 3226 916 3270 comant
937 3224 1005 3273 Aueb
1016 3225 1072 3277 dies
1086 3231 1192 3281 wareto

119 3277 227 3341 οιιιιιιίε,
245 3276 429 3333 sondernuncb
443 3276 489 3326 das
501 3277 629 3343 Fulgende
679 3281 827 3333 lliuderuiss
852 3288 900 3337 der
923 3288 1024 3349 Flucbt.
1061 3295 1126 3348 aber·
1151 3299 1192 3349 ein

116 3339 157 3392 bis
172 3344 275 3408 gladie}
290 3343 336 3392 mit
353 3340 485 3406 confertip
504 3353 570 3413 poet
585 3348 628 3400 be-
679 3350 766 3465 zppter
782 3350 983 3414 eingetretenes:
1002 3363 1133 3415 wesshnlb
1150 3366 1191 3416 die

116 3408 187 3460 ziebt
201 3411 253 3460 sich
271 3408 319 3457 aut
329 3407 396 3473 pilia
416 3414 525 3465 emissis.
661 3428 668 3444 ¹
718 3423 773 3466 orte
810 3422 1044 3488 confixaque.-.
1054 3437 1194 3485 mm
1256 3426 1263 3495 q

153 3479 194 3529 ll.
214 3473 372 3539 expedierat
390 3478 468 3532 ‘batte
486 3482 538 3532 sicb
551 3482 628 3545 lertig
680 3482 749 3534 nicbt
765 3485 810 3536 mit
827 3487 876 3538 den
894 3491 999 3543 lribern
1060 3500 1067 3511 ⁰
1093 3502 1191 3551 qu.
1260 3504 1262 3509 ¹

114 3540 244 3605 gemtcbt'.
681 3552 1008 3611 tmvcrbundenstndbas
1035 3561 1189 3635 lnequampl.

151 3609 191 3659 18.
207 3610 295 3657 certata
306 3617 413 3664 coentm
423 3614 573 3666 Suetonius.
594 3615 619 3666 S.
678 3620 752 3679 steht,
772 3621 834 3671 weil
851 3623 968 3677 dnbinter
984 3626 1022 3679 uls
1035 3629 1060 3679 in
1074 3633 1193 3686 derVer·

115 3688 149 3729 zu
164 3671 184 3722 l.
204 3673 246 3725 24.
676 3688 828 3749 gengenbeit
851 3695 1027 3758 gegenwtrtig
1053 3697 1100 3751 das
1120 3701 1192 3755 Stre-

149 3733 199 3795 37.
221 3743 260 3793 19.
277 3749 376 3809 primo.
404 3747 431 3795 S.
452 3762 482 3797 zu
500 3746 558 3798 Xll.
580 3751 621 3804 36.
675 3752 725 3803 ben
742 3755 890 3819 derjenigeu
912 3776 958 3811 zur
974 3761 1064 3815 l'lucbt
1082 3769 1193 3830 geducbt

148 3812 289 3870 angustias
316 3812 382 3873 loci,
410 3812 451 3862 dic
480 3829 502 3863 c.
523 3817 557 3871 34
584 3834 636 3869 er·-
675 3820 751 3876 wird.
778 3822 874 3874 welcbe
899 3827 976 3879 durcb
1001 3829 1042 3881 die
1066 3833 1193 3891 Leieben·

113 3872 230 3926 wtbuten
248 3880 324 3926 artae
340 3875 439 3937 fauces.
675 3887 768 3939 buuien
786 3890 946 3955 anigebulten
967 3899 1083 3952 worden.
1150 3902 1152 3907 ’
