2550 4350
145 285 206 349 148
531 288 818 371 conuenissent
854 336 856 342 ,
1029 260 1032 267 '
1094 276 1236 355 (susm

141 470 190 512 res
214 458 280 510 tuos
303 446 515 516 administrari,
539 446 569 506 in
591 455 672 506 tuam
695 446 844 505 fortunam
868 442 974 521 recipi.
1019 443 1085 504 Nec
1107 461 1159 505 me
1180 443 1213 504 in

29 603 32 611 ,
140 540 348 614 paupertatem
371 531 437 609 ipse
452 530 617 600 detrudam,
641 530 694 590 sed
710 528 829 589 traditis
846 527 1109 605 quorumlulgore
1125 545 1213 606 prae·

141 617 283 694 stringor,
313 618 393 694 quod
421 615 567 692 temporis
596 615 751 674 hortorum
774 621 824 673 aut
845 612 982 672 villarum
1005 630 1099 672 curae
1123 630 1214 690 sepo·

139 702 230 773 nitur,
253 699 438 763 inanimum
461 699 617 759 revocabo.
662 699 807 776 Superest
829 695 882 756 tibi
904 696 1004 767 robur,
1036 704 1067 755 et
1092 704 1137 756 tot
1161 714 1214 774 per

112 808 116 815 ’
142 778 239 847 annos
261 781 368 844 lultum
390 782 502 860 fastigii
519 783 652 858 regimen
668 799 830 860 possumus
846 780 983 841 seniores
1000 780 1092 840 amici
1110 781 1236 859 quietet

21 892 35 932 r
141 886 299 947 reponere.
322 867 387 928 Hoc
409 886 528 946 quoque
552 868 583 927 in
605 875 686 927 tuam
708 865 835 943 gloriam
851 866 946 937 cedet,
970 882 1023 925 eos
1039 863 1078 925 ad
1096 883 1214 949 summa

91 953 260 1018 55rexisse
290 952 341 1030 qui
369 961 399 1011 et
422 952 540 1012 modica
563 951 734 1011 tolerarent.
778 951 822 1010 ld
846 968 922 1028 quae
943 949 1024 1010 Nero
1047 950 1095 1009 sic
1120 950 1213 1011 ferme

143 1037 310 1115 respondit.
335 1035 422 1106 Quod
445 1036 605 1096 meditatae
627 1035 758 1095 orationi
780 1042 849 1099 tuae
872 1033 972 1094 statim
987 1051 1159 1106 occurram,
1182 1033 1213 1094 id

141 1121 270 1201 primum
293 1120 336 1180 tui
359 1120 492 1180 muneris
513 1119 620 1190 habeo,
644 1120 695 1199 qui
717 1138 764 1179 me
787 1137 848 1179 non
871 1125 984 1178 tanturn
999 1117 1142 1196 praevisa
1159 1117 1214 1181 sed

142 1206 241 1266 subita
264 1204 406 1282 expedire
428 1203 570 1264 docuisti.
592 1204 710 1264 Abarus
733 1221 818 1263 meus
835 1206 987 1279 nrrgusms
1002 1202 1158 1280 Agrippae
1181 1210 1245 1264 etto

141 1289 307 1350 Maecenati
330 1304 475 1365 usurpare
497 1288 590 1347 otium
614 1299 684 1364 post
704 1287 824 1347 labores
848 1286 1009 1355 concessit,
1040 1287 1096 1348 sed
1121 1288 1153 1347 in
1176 1304 1211 1348 ea

142 1373 209 1450 ipse
238 1380 336 1433 aetate
365 1372 449 1431 cuius
476 1371 640 1432 auctoritas
662 1380 796 1431 tueretur
819 1370 963 1448 quidquid
987 1370 1061 1431 illud
1085 1379 1212 1450 etqua·

142 1455 301 1535 lacumque
328 1455 501 1527 tribuissem
529 1473 565 1516 ac
587 1466 686 1515 tamen
709 1464 847 1515 neutrum
869 1455 947 1515 datis
970 1472 987 1514 a
1010 1473 1044 1515 se
1065 1454 1213 1532 praemiis

144 1542 234 1602 exuit.
256 1539 339 1600 Bello
363 1548 392 1600 et
415 1539 558 1618 periculis
580 1548 766 1600 meruerant:
790 1541 821 1599 in
844 1538 881 1599 iis
905 1539 984 1598 enim
1007 1538 1131 1600 iuventa
1152 1543 1214 1600 Au·

142 1624 221 1702 gusti
242 1631 357 1684 versata
380 1633 436 1684 est.
459 1624 521 1685 Nec
543 1624 618 1685 milri
641 1623 700 1685 tela
722 1635 752 1684 et
773 1641 880 1684 manus
903 1632 970 1683 tuae
994 1622 1246 1684 defuissentintt

144 1709 234 1769 armis
257 1708 367 1786 agenti.
401 1708 460 1769 Sed
484 1709 564 1788 quod
586 1727 731 1787 praesens
754 1707 893 1769 condicio
916 1707 1070 1785 poscebat,
1096 1709 1212 1769 ratione

143 1790 272 1853 consilio
299 1792 471 1870 praeceptis
501 1794 670 1871 pueritiam,
700 1793 770 1853 dein
801 1788 1076 1852 iuventam'meam
1100 1792 1213 1853 fovisti.

143 1876 182 1938 Et
203 1885 253 1937 tua
276 1875 397 1954 quidem
420 1892 489 1952 erga
511 1896 559 1937 me
580 1896 714 1949 munera,
738 1878 808 1937 dum
830 1876 889 1936 vita
912 1884 1062 1952 suppetet,
1087 1886 1211 1938 aeterna

144 1968 247 2021 erunt:
278 1978 353 2037 quae
376 1978 392 2019 a
414 1977 462 2019 me
485 1960 588 2032 habes
621 1961 701 2020 horti
724 1971 753 2020 et
775 1962 881 2021 laeuus
904 1959 1052 2033 etrillae,
1087 1962 1211 2023 casibus

145 2043 272 2104 obnoxia
307 2052 386 2104 sunt.
429 2045 471 2103 Ac
493 2043 564 2104 licet
586 2045 677 2104 multa
699 2045 863 2114 videantur,
892 2043 1026 2122 plerique
1050 2045 1247 2126 haudquam

62 2165 64 2171 ι
143 2146 231 2207 quarn
260 2127 374 2187 artibus
403 2127 462 2186 tuis
484 2145 573 2205 pares
595 2128 681 2205 plura
704 2135 873 2188 tenuerunt.
917 2128 1012 2189 Pudet
1030 2130 1153 2198 *referre
1175 2131 1210 2191 li-

143 2211 288 2281 bertinus,
319 2211 369 2290 qui
398 2210 524 2271 ditiores
552 2219 735 2287 spectantur.
782 2212 864 2271 Unde
894 2211 983 2272 etiam
1006 2212 1113 2274 rubori
1138 2215 1211 2275 mihi

130 2295 191 2353 'est
213 2292 292 2370 quod
315 2293 494 2372 praecipuus
518 2295 642 2354 caritate
664 2295 796 2353 nondum
820 2312 924 2354 omnes
943 2297 1062 2358 fortuna
1078 2299 1213 2361 antecel-

93 2376 192 2446 stolis,
225 2375 285 2434 uisi
320 2379 398 2436 torte
433 2383 485 2435 aut
518 2387 546 2437 te
569 2377 687 2436 Vitellio
722 2386 767 2438 ter
795 2379 912 2438 consuli
942 2390 996 2440 aut·
1013 2399 1063 2441 me
1087 2383 1210 2444 Claudio

20 2525 24 2531 ,
95 2476 100 2483 ’
144 2458 315 2536 postponis,
344 2467 374 2520 et
402 2468 544 2537 quantum
566 2460 689 2521 Volusio
719 2460 808 2539 longa
836 2463 1021 2540 parsimonia
1051 2468 1248 2544 quaesivittt

100 2572 102 2577 ·
145 2550 276 2623 tantum,
294 2541 324 2604 in
347 2551 377 2604 te
399 2561 465 2604 mea
487 2543 651 2606 liberalitas
675 2545 795 2625 explere
817 2566 876 2608 non
898 2557 1008 2626 potest.
1053 2550 1164 2614 Verum
1186 2560 1215 2614 et

136 2758 139 2763 ,
177 2695 202 2744 4.
222 2694 252 2742 in
276 2697 394 2745 animum
411 2697 539 2747 reuocabo
558 2697 653 2747 ‘werde
675 2743 678 2748 ,
702 2696 786 2747 Uelrer
810 2696 941 2760 quidquid
963 2697 1034 2747 tttud
1060 2706 1088 2749 et
1112 2703 1213 2766 quales.

141 2759 182 2809 iclr
207 2761 253 2810 eui
273 2763 370 2813 meinen
389 2761 462 2813 Geist
487 2765 652 2816 zurriclrwen·
703 2779 724 2812 s.
746 2780 776 2813 zu
793 2763 863 2815 XlV.
880 2767 921 2815 22.

143 2827 205 2890 ted,
222 2844 254 2879 zu
271 2831 355 2881 seiner
372 2829 525 2895 Veredlung.
738 2834 777 2882 18.
799 2831 861 2881 dum
871 2835 1058 2897 ouaruppetet
1069 2835 1216 2897 (meinhe-

176 2895 304 2961 Superert
331 2900 381 2948 titi
410 2898 451 2948 ‘du
477 2900 534 2950 hest
559 2901 583 2949 in
602 2899 651 2948 Ue·
701 2898 774 2956 ben'),
802 2899 861 2949 weil
884 2905 993 2949 aeterna
1012 2901 1068 2951 hier
1086 2919 1135 2953 nur
1153 2905 1216 2954 ohne

141 2962 269 3022 bertloss’;
304 2965 403 3026 fulmen
435 2981 484 3015 von
513 2982 574 3024 uns;
610 2983 651 3015 rc·
702 2965 913 3028 Unterbreclrung,
947 2967 1013 3017 nicht
1040 2966 1129 3023 enies
1154 2972 1215 3021 dan-

139 3035 400 3158 {ttritlttlt
427 3032 469 3093 ‘b'
499 3034 554 3081 '¹¹¹¹‘
577 3033 650 3081 ‘¹⁰¹⁰‘
702 3033 822 3148 tulit
843 3034 963 3149 {lellffi'
980 3034 1150 3154 iginum,
1173 3039 1213 3089 a.

376 3133 381 3144 .
942 3118 971 3150 en
1012 3117 1051 3152 om
1069 3119 1116 3155 ara
1130 3121 1156 3159 tv
1190 3122 1216 3156 e·

177 3159 233 3215 55.
258 3162 282 3212 8.
312 3177 452 3211 occurram
474 3164 508 3213 ist
531 3164 577 3213 das
604 3164 653 3214 F'u-
702 3165 837 3215 brauclen.
858 3166 922 3217 Plin.
944 3120 1066 3220 ὴίεωιαὲ
1077 3171 1149 3222 xlv.
1165 3121 1216 3230 159

142 3233 233 3276 turum.
270 3226 322 3279 Das
340 3227 466 3289 Felgeude
490 3229 581 3281 heisst:
612 3232 654 3282 ‘ist
703 3248 751 3282 nec
773 3238 812 3283 ert
835 3234 908 3299 ligne
932 3237 984 3286 ulli
1006 3242 1144 3290 aeternior·
1158 3256 1217 3295 'na-

143 3294 188 3342 das
215 3301 283 3345 erste
311 3311 366 3345 was
393 3295 432 3344 ich
461 3296 497 3347 als
525 3298 583 3349 dein
602 3299 651 3351 Ge·
704 3305 774 3351 tura.

143 3361 237 3411 scheuk
255 3362 365 3413 besitze'.
388 3388 391 3395 ·
738 3364 791 3424 50.
812 3370 853 3422 tt.
874 3374 927 3421 nui
943 3372 1014 3434 sorte
1032 3401 1064 3411 -
1082 3390 1140 3425 non
1154 3381 1217 3442 pot·

179 3431 208 3481 12
231 3432 307 3480 cuiue
316 3433 463 3481 auctoritas
475 3449 500 3482 u.
509 3450 530 3484 s.
539 3450 574 3484 w.
587 3436 652 3486 ‘des-
703 3443 746 3488 ert.
766 3437 944 3490 DieseWorte
961 3441 1033 3489 stelin
1051 3441 1075 3490 in
1096 3443 1213 3494 derllds.

141 3510 186 3546 sen
204 3497 304 3548 Ansehn
328 3497 504 3563 reehtlertigte
528 3518 583 3554 was
602 3506 651 3555 und
703 3507 765 3556 nach
785 3505 1159 3573 Verum-ingredimur,.zu
1171 3512 1216 3562 de-

142 3564 193 3615 wie
210 3564 352 3615 beschaffen
371 3566 416 3615 des
434 3582 491 3619 war
507 3584 562 3621 was
575 3573 652 3621 erili·
703 3589 749 3624 nen
768 3574 805 3623 sie
823 3574 890 3622 nicht
905 3589 1004 3638 possen.

143 3646 190 3682 nen
208 3648 239 3681 zu
257 3630 329 3683 Thcil
346 3635 450 3684 werden
467 3636 549 3687 liess’:
574 3638 605 3687 ob
623 3654 653 3688 er
737 3641 844 3690 Vitellio
875 3646 916 3689 ter
943 3642 1052 3692 consult
1087 3643 1125 3693 Er
1157 3661 1217 3697 war

142 3699 180 3748 sie
204 3698 273 3749 scine
292 3698 381 3752 Gunst'
396 3704 458 3753 oder
477 3704 588 3767 Ungunst
610 3720 651 3754 cr·
702 3706 889 3767 Gfinstlingdes
903 3707 1029 3759 Claudius.
1051 3709 1076 3759 S.
1087 3711 1175 3762 qul.
1186 3717 1210 3766 2.

37 3822 41 3829 Ι
142 3765 231 3816 lahrcn
257 3765 324 3826 lices,
357 3785 405 3819 von
432 3770 512 3820 einem
538 3787 566 3819 so
590 3770 650 3835 lang
735 3775 775 3824 25.
797 3772 915 3838 Volusio,
934 3774 1214 3834 dessenToXmll.30

142 3833 275 3897 erprolrten
293 3835 384 3887 Menoe
408 3837 480 3885 nutam
504 3851 561 3885 man
585 3837 648 3888 ohne
699 3840 824 3891 berichtet
842 3840 881 3889 ist.
986 3850 989 3859 ¹

140 3899 260 3950 welteres
277 3915 310 3951 an
336 3901 393 3951 dass
411 3915 441 3952 er
456 3903 529 3954 recht
545 3904 645 3956 handle.
733 3909 775 3960 26.
796 3906 903 3971 Verum,
931 3909 989 3960 weil
1013 3911 1057 3962 das
1081 3913 1216 3977 notgento
