2550 4350
86 259 214 325 acina)
279 329 280 333 Ν
320 258 361 311 aa
379 257 533 311 excussu
550 258 620 313 mvi
637 259 779 313 auousri
797 262 827 315 u.
851 268 945 319 1415.
1109 246 1156 322 di

88 421 221 492 aptaque
241 410 406 474 imminenti
419 430 543 495 pugnae
565 413 695 475 disseril
744 415 811 476 Non
840 435 960 497 campos
987 419 1076 480 modo
1097 411 1171 483 mla·

88 497 136 558 liu
158 496 293 556 Romano
316 494 352 556 ad
379 498 525 576 proelium
554 497 668 570 bonos,
703 499 757 559 sed
784 500 809 560 si
837 501 913 561 ratio
942 500 1035 574 adsit,
1068 504 1157 568 ‘silvei

88 589 120 642 et
153 580 263 641 saltus:
302 598 357 640 nce
384 581 462 643 enim
491 581 627 642 inmensa
662 582 856 645 barbarorum
886 594 987 657 scula,
1024 586 1155 649 'enormis'

87 666 192 726 hastas
215 666 294 725 inter
314 675 437 726 truncos
459 664 598 727 arborum
621 675 651 727 et
672 674 757 727 enala
779 669 869 729 humo
891 669 1015 746 virgulta
1033 662 1157 748 perinde

58 748 194 810 uneberi
223 767 309 826 quam
337 749 395 826 pila
424 758 454 809 et
481 750 594 828 gladios
632 759 662 810 et
694 751 845 812 haerentia
872 754 990 831 corpori
1018 750 1155 830 tegminiss

89 834 261 894 Denserent
289 831 380 906 iclus,
418 851 471 893 ora
499 834 691 895 mucronibus
719 845 911 913 quaererent:
947 854 1008 897 uon
1036 836 1158 899 loricam

88 917 256 988 Germano,
286 934 346 976 uon
375 916 502 994 galeam;
535 937 573 978 ne
596 928 677 979 scula
700 920 818 997 quidem
849 923 928 981 lerru
950 939 1080 982 nervove
1101 923 1155 981 ilr-

23 998 29 1004 ’
87 1008 185 1074 mala,
215 999 268 1060 sed
290 1000 431 1062 viminum
455 1009 552 1082 textus
575 1003 622 1062 vel
643 1003 741 1063 tenuis
764 1013 793 1064 et
815 1007 926 1066 lucalas
948 1005 1048 1073 colore
1069 1005 1157 1066 tabu·
1233 1036 1236 1040 *

87 1085 150 1157 las3
186 1084 312 1162 primam
334 1092 494 1163 utcumque
516 1086 608 1146 aciem
630 1086 791 1160 hastatum,
821 1089 928 1150 ceteris
948 1097 1087 1168 praeusta
1108 1095 1159 1150 oui

47 1179 80 1229 10
90 1168 194 1229 brevia
217 1167 283 1228 tela.
319 1168 381 1231 laru
403 1187 512 1247 corpus
536 1176 568 1230 ul
589 1170 654 1230 visu
670 1179 785 1231 loreum
809 1182 838 1233 el
860 1173 894 1233 ad
917 1173 1036 1233 brevem
1060 1174 1157 1252 impe-

85 1262 152 1314 turn
174 1251 313 1323 validum,
336 1252 380 1312 sic
401 1253 481 1313 nulla
502 1253 655 1315 vulnerum
678 1254 922 1332 patientia:'siue
942 1258 1057 1337 pudore
1072 1254 1157 1335 flagi·

88 1337 139 1409 lii,
171 1336 237 1395 sine
259 1337 456 1397 curaducum
478 1337 577 1410 abire,
606 1340 724 1416 lugere,
755 1339 878 1418 pavidos
901 1341 1050 1414 adversis,
1080 1341 1159 1402 inlei‘

87 1421 220 1482 secunda
249 1437 308 1480 uon
339 1420 445 1493 divini,
474 1440 535 1481 uon
564 1423 683 1483 humani
711 1424 785 1483 iuris
808 1425 960 1486 memoris.
1004 1426 1036 1485 Si
1059 1425 1158 1486 laedio

86 1505 203 1565 uiarum
227 1522 260 1564 ac
282 1505 372 1565 maris
395 1506 482 1565 finem
506 1506 640 1584 cupiant,
668 1508 723 1567 hac
752 1507 813 1567 acie
841 1509 954 1587 parari:
986 1508 1160 1587 propiorem

45 1600 78 1650 15
92 1590 150 1650 iarn
173 1587 267 1647 Albim
290 1606 375 1666 quam
391 1589 537 1661 Rhenum,
561 1608 657 1668 neque
679 1590 787 1651 bellurn
809 1591 895 1663 ultra,
921 1593 1010 1653 modo
1035 1612 1078 1664 se,
1101 1611 1156 1672 pa-

88 1674 145 1733 tris
168 1672 324 1751 patruique
347 1674 470 1750 vestigia
493 1685 690 1751 prementem,
723 1674 819 1734 isdem
849 1676 879 1735 in
907 1677 996 1736 terris
1019 1677 1160 1743 victorem

89 1757 243 1818 sisterent.
283 1757 454 1818 Orationem
477 1756 558 1816 ducis
580 1765 698 1817 seculus
720 1756 844 1817 militum
861 1759 960 1831 ardor,
984 1759 1158 1838 signumque
1173 1761 1210 1822 15

89 1858 208 1920 pugnae
237 1839 346 1901 datum.
396 1840 457 1900 Nec
478 1840 628 1899 Arminius
658 1846 709 1900 aut
735 1839 824 1900 celeri
849 1841 1062 1901 Germanorum
1084 1861 1160 1920 prm

89 1943 176 1985 ceres
200 1924 375 1986 omittebant
397 1941 470 1985 suos
492 1923 618 2002 quisque
640 1924 752 1997 testari,
775 1924 832 1982 hos
851 1943 919 1984 esse
934 1925 1084 1984 Romanos
1099 1927 1158 2010 Va·

83 2125 136 2174 deu
154 2123 225 2174 Rode
242 2123 296 2185 gilo
312 2123 373 2174 Tac.
388 2139 436 2173 von
450 2125 528 2188 jenen
539 2123 599 2173 liiu-
685 2125 723 2175 13.
741 2125 871 2173 muneras.
898 2122 946 2173 Dic
959 2121 1094 2186 Adjeclivo
1112 2112 1164 2172 und

83 2205 136 2254 geu
164 2192 211 2252 gur
233 2188 336 2249 Ninnio,
366 2207 414 2240 von
441 2191 527 2242 diesen
552 2205 600 2240 nur
651 2191 827 2258 Comparaliva
860 2191 907 2240 aul'
932 2206 977 2253 or,
1007 2188 1103 2241 welche
1129 2189 1164 2240 ilie

83 2259 161 2308 einen
180 2257 253 2308 Theil
272 2273 317 2315 επις
349 2258 395 2308 das
413 2273 467 2308 was
485 2275 514 2309 er
533 2259 601 2308 nicht
651 2258 707 2309 nul.
722 2261 733 2308 i
744 2259 867 2315 ululassen,
889 2259 986 2307 ldnueu
1005 2257 1097 2308 ehenso
1114 2254 1162 2307 deu

87 2326 238 2387 ausgelihrl
255 2326 298 2375 hal
316 2325 377 2375 hielt
393 2341 423 2375 er
440 2326 477 2376 als
490 2327 557 2376 diter
575 2327 600 2374 in
643 2325 722 2381 llom.
744 2341 768 2374 n.
789 2329 848 2374 Ace.
869 2325 937 2377 Plur.
959 2325 1007 2375 nui
1020 2326 1043 2375 ic
1069 2323 1159 2376 helien.

87 2393 136 2443 der
165 2393 354 2456 Krieglirlrrung
390 2393 600 2445 wiederkelirend
651 2394 708 2456 Vgl.
729 2409 759 2444 zu
779 2391 798 2443 Ι.
813 2395 837 2444 4.

85 2460 158 2510 uichl
175 2461 217 2510 lin·
233 2460 478 2512 liemerkenswertlu
689 2465 727 2512 15.
732 2462 822 2525 petria
830 2462 984 2526 patruique.
1003 2460 1164 2510 Beidedrau·

125 2529 149 2579 2.
167 2527 220 2578 eod
257 2527 283 2576 S.
304 2543 335 2576 zu
354 2527 372 2576 l.
389 2530 430 2579 60.
655 2543 701 2589 geu
720 2527 759 2576 liis
777 2542 823 2576 zur
841 2527 977 2589 Ellievor.
1005 2526 1052 2576 Dio
1071 2527 1162 2580 LVali

125 2598 149 2646 5.
174 2595 269 2644 haberi
296 2592 478 2644 ‘lrandlialoen’.
520 2592 604 2643 Uelrer
654 2593 838 2644 vellimur.
1137 2608 1154 2621 '¹

89 2662 138 2712 das
155 2677 211 2712 was
230 2660 393 2712 Germanicus
410 2661 524 2711 vonden
541 2660 604 2709 Ger·
691 2663 728 2710 16.
746 2659 829 2708 isdem
846 2662 876 2708 in
895 2662 973 2709 terris
987 2661 1111 2709 uictaiel.
1130 2660 1162 2708 ll.

90 2744 181 2780 manen
199 2737 257 2791 sego
275 2727 295 2779 si
317 2728 347 2780 G.
359 2732 376 2780 l
388 2745 412 2778 u.
424 2730 448 2779 6.
654 2724 685 2776 ll.
697 2728 724 2776 9:
760 2725 830 2786 Virg.
852 2726 943 2785 Georg.
965 2725 995 2773 ll.
1007 2727 1056 2775 488
1076 2740 1099 2786 o,
1118 2727 1168 2788 qui

125 2800 148 2849 7.
173 2810 264 2846 nmo.
306 2796 368 2846 llier
392 2796 441 2845 und
467 2792 508 2843 bei
526 2790 603 2841 Silius
654 2788 1166 2855 megelidioe'nualliduellamnisirtoll
1229 2832 1232 2837 .

89 2863 134 2916 lv.
148 2866 198 2915 293
215 2864 391 2929 monetaque
408 2862 526 2927 tegmina
543 2873 604 2908 nea·-
655 2862 718 2909 Aen.
728 2857 758 2907 ll.
769 2859 818 2909 620
837 2863 923 2907 tulino
933 2860 1024 2922 patrio
1036 2862 1061 2907 ie
1074 2857 1166 2907 limine

89 2934 130 2982 ei'e
151 2930 244 2981 ‘Haud
653 2930 751 2977 siriam.
788 2924 831 2975 ΙΙΙ.
848 2928 894 2977 lli
917 2924 1008 2975 Tertio
1032 2925 1081 2987 lun
1098 2924 1165 2976 clue·

124 3001 147 3051 9.
175 3003 319 3061 utcumque
345 2996 434 3058 ‘gleich
457 2995 508 3046 viel
531 2994 599 3043 wie’.
654 3010 708 3044 sem
727 2992 843 3043 Cretaeis
860 2995 935 3043 odelei
951 2995 980 3043 in
999 2995 1059 3043 orie.
1164 3046 1168 3053 ,

86 3065 149 3115 illan
167 3064 221 3115 will
239 3065 287 3128 aul
301 3063 542 3124 dieUnlersuchnng
558 3063 603 3111 dee
688 3056 735 3119 15.
769 3063 807 3112 19.
832 3062 879 3111 lios
905 3077 958 3111 esse
982 3059 1115 3112 Romanor
1138 3075 1164 3119 u.

94 3133 173 3184 ‘Wie'
197 3131 402 3192 nichtoiogelru.
433 3131 519 3181 deulel
542 3130 605 3179 abor
655 3145 721 3180 ow,
754 3129 880 3178 Arminius
899 3137 974 3178 neunt
991 3129 1167 3190 dieSoldaien

89 3200 203 3250 dadurcli
223 3214 254 3247 an
277 3198 337 3248 desa
354 3213 382 3248 es
399 3198 511 3248 schleoht
527 3197 605 3247 dnmit
656 3199 700 3247 des
719 3196 803 3247 Germ.
824 3197 865 3245 die
892 3196 1048 3259 llichligslen
1073 3198 1168 3247 Rdmer'

90 3269 166 3317 stell.
203 3264 304 3316 xllul
322 3267 440 3330 primam
463 3270 605 3328 utcumque
656 3279 712 3314 vom
737 3263 805 3313 lleer
831 3264 876 3313 des
900 3263 997 3321 Varus.
1030 3264 1068 3314 als
1091 3278 1165 3314 wenn

87 3334 187 3398 [legam
213 3333 344 3382 tolerooid
380 3331 448 3383 XlV.
465 3335 496 3382 ol
516 3333 607 3382 caueri
658 3332 741 3383 Germ.
769 3347 816 3380 nur
844 3331 885 3380 die
909 3330 1097 3382 Uelierlileibsel
1121 3331 1167 3380 der

89 3407 235 3465 utcumque
252 3402 285 3450 ab
302 3401 415 3449 urbanis
432 3399 544 3448 insidiis.
572 3401 603 3449 A.
656 3397 838 3449 Variouischen
861 3397 1015 3461 Niederlage
1043 3399 1088 3467 mit
1113 3395 1166 3447 sien

93 3471 125 3520 39
144 3473 233 3519 cetera
250 3473 393 3531 utcumque
409 3465 606 3526 faciliur'drasi-
657 3466 750 3514 liilrme.
782 3464 862 3515 Dohei
881 3466 957 3516 deulrt
974 3482 1004 3516 er
1020 3465 1083 3515 abor
1100 3458 1169 3514 nivii

88 3536 205 3592 molari
222 3534 294 3583 Ouid.
307 3550 345 3600 ep.
359 3549 391 3582 ex
404 3532 476 3582 Pont.
485 3530 528 3581 lV.
539 3535 578 3590 ll,
590 3534 605 3583 3
656 3532 725 3583 bloss
743 3546 774 3581 en
794 3532 842 3582 die‘
853 3531 989 3595 Wenigen
1009 3530 1106 3580 welche
1118 3530 1167 3582 roll

90 3608 205 3667 excepto
224 3600 297 3667 quod
309 3596 606 3664 Mkuculcumqueou-
657 3598 779 3649 demdrei
796 3598 932 3660 Legionen.
957 3599 997 3649 bei
1017 3598 1096 3646 denen
1114 3576 1173 3665 sicli

92 3670 184 3721 mmm.
215 3668 301 3733 Quini.
312 3668 403 3726 llud
420 3682 497 3732 quae,
514 3680 606 3730 quom-
656 3668 740 3718 Varus
751 3668 892 3732 persdnlicli
908 3666 1008 3722 boland,
1030 3666 1168 3721 entrounen

92 3752 175 3800 quam
192 3741 220 3786 et
230 3739 289 3802 ipsa
298 3737 503 3800 reprehensione
513 3732 606 3797 dignu,
656 3749 757 3792 waren,
785 3735 893 3784 sondern
917 3732 978 3780 aucli
998 3746 1029 3780 on
1049 3729 1094 3778 dos
1112 3730 1168 3783 wis

88 3806 227 3854 securitas
257 3807 346 3852 tomen
372 3808 438 3854 cerei
464 3807 616 3867 utcumque
657 3801 722 3852 Vell.
735 3800 824 3853 lilio
843 3796 952 3850 erzilrll:
973 3794 1111 3846 Reddatur
1127 3812 1169 3846 ue·

92 3870 251 3921 tolerabiler.
404 3906 408 3911 .
657 3884 717 3918 rum
729 3867 760 3918 L.
769 3867 915 3933 Asprenati
924 3865 1110 3928 testimonium,
1122 3862 1172 3929 qui
