2550 4350
122 279 180 340 tao
516 283 672 354 CORNELII
690 284 801 337 TaclTl
1051 290 1084 349 (a.
1098 303 1123 334 u.
1136 294 1184 336 ars

99 444 103 456 “
204 443 422 523 Opperiebatur
436 443 514 503 Nero
537 449 568 502 ut
582 442 720 502 Vestinus
743 458 861 521 quoque
884 437 990 499 consul
1013 439 1046 499 in
1060 440 1183 504 crimen

119 530 292 597 traheretur,
322 528 481 598 violentum
510 535 539 586 et
565 527 714 587 infensum
742 533 839 586 ratus:
875 525 927 584 sed
950 543 986 584 ex
1010 526 1183 588 coniuratis

57 640 60 647 ·
120 615 243 677 consilia
266 632 332 674 cum
348 613 473 673 Vestino·
491 598 550 671 rion
574 611 753 671 miscuerant
775 611 894 688 quidam
918 609 1047 670 vetustis
1063 611 1097 671 in
1115 631 1182 673 eunt

119 699 326 769 simultatibus,
349 697 459 776 plures,
483 696 552 775 quia
567 696 768 775 'praecipitem
791 705 819 755 et
840 693 1050 761 insociabilem
1076 697 1182 758 crede·

117 786 199 846 bant.
223 785 358 845 Ceterum
373 782 485 843 Neroni
507 781 607 842 odium
626 783 770 841 ‘adversus
785 779 938 841 Vestinum
955 798 990 838 ex
1006 779 1117 842 intima
1133 794 1206 843 sot

121 870 240 931 dalitate
263 875 410 946 coeperat,
433 867 502 926 dum
524 866 572 927 bic
595 866 739 942 ignaviam
762 864 908 943 principis
930 865 1051 943 penitus
1077 866 1180 945 cogni·

119 965 179 1015 tarn
202 953 337 1032 despicit,
360 951 409 1012 ille
432 951 574 1012 ferociam
595 950 682 1012 amici
705 950 816 1021 metuit,
845 968 935 1028 saepe
956 950 1077 1028 asperis
1103 953 1176 1013 laee-

119 1039 171 1100 tiis
198 1038 321 1109 inlusus,
352 1055 427 1116 quae
460 1035 509 1097 ubi
537 1036 660 1096 multum
690 1055 724 1096 ex
752 1053 821 1096 varo
849 1044 976 1106 traxere,
1006 1053 1112 1097 aorem
1136 1035 1179 1096 sui

59 1177 63 1183 ,
107 1122 293 1184 'memoriam
314 1122 493 1199 relinquunt.
526 1124 701 1181 Accesserat
722 1138 830 1198 repens
851 1137 951 1189 causa,
976 1121 1057 1197 quod
1084 1122 1179 1189 Vesti-

121 1228 176 1269 nus
208 1207 352 1268 Statiliam
379 1204 567 1265 Messalinam
598 1206 786 1264 matrimonio
815 1203 873 1264 sibi
901 1203 1073 1277 iuncxerat‚
1110 1206 1214 1268 bauttt

68 1295 107 1357 69
119 1293 237 1354 nescius
265 1291 342 1351 inter
371 1289 521 1351 adulteros
550 1289 614 1349 eius
644 1299 673 1348 et
695 1289 852 1349 Caesarem
877 1307 954 1348 esse.
998 1289 1098 1366 lgitur
1121 1311 1179 1352 non

119 1376 253 1444 crimine,
283 1392 340 1433 non
370 1382 543 1432 accusatore
571 1372 724 1444 existente,
753 1373 820 1450 quia
844 1373 975 1452 speciem
997 1373 1113 1435 iudicis
1137 1375 1180 1436 in-

120 1461 209 1521 duere
238 1475 296 1517 non
323 1464 448 1534 poterat,
476 1456 513 1516 ad
542 1456 599 1516 rirn
623 1456 836 1517 dominationis
859 1476 1021 1519 conversus
1046 1460 1179 1521 Gerella-

118 1561 188 1605 num
216 1541 365 1603 tribunum
395 1536 460 1602 dim
484 1541 606 1601 cohorte
630 1542 755 1602 militurn
778 1543 899 1603 inmittit
921 1543 1066 1623 iubetque
1092 1565 1177 1624 prae·

118 1628 218 1690 venire
245 1636 369 1687 conatus
390 1626 540 1699 consulis,
570 1646 715 1706 occupare
748 1627 828 1687 velut
848 1646 946 1688 arcem
969 1628 1047 1698 aius
1072 1630 1173 1709 oppri—
1186 1642 1214 1691 15

118 1733 199 1776 mere
228 1712 372 1775 delectam
401 1713 597 1784 iuventutem,
626 1713 694 1792 quia
722 1712 859 1772 Vestinus
888 1712 1084 1775 imminentes
1113 1716 1177 1777 loro

118 1801 206 1861 aedes
230 1800 398 1876 decoraque
421 1797 541 1858 servitia
565 1806 594 1858 et
616 1798 679 1876 pari
702 1805 796 1856 aetate
818 1796 955 1857 habebat.
1000 1797 1119 1861 Cuncta
1143 1819 1176 1862 eo

119 1884 167 1945 die
188 1883 288 1945 munia
311 1881 442 1944 consulis
464 1881 637 1960 impleverat
652 1881 877 1959 conviviumque
892 1881 1074 1956 celebrabat,
1101 1885 1176 1946 nibil

116 1976 250 2030 metuens
280 1986 317 2028 an
340 1966 554 2028 dissimulando
577 1974 666 2036 metu,
701 1984 765 2026 cum
788 1966 915 2043 ingressi
938 1967 1051 2029 milites
1074 1970 1176 2031 vocari

118 2073 185 2114 eum
207 2072 223 2114 a
245 2051 364 2112 tribuno
386 2051 497 2112 dixere.
520 2051 572 2111 lile
586 2051 661 2111 nibil
677 2051 846 2111 demoratus
861 2051 1002 2129 exsurgit,
1028 2064 1059 2114 et
1074 2055 1212 2117 omniun

118 2138 205 2200 simul
233 2146 443 2215 properantur:
474 2135 620 2196 clauditur
640 2134 787 2206 eubiculo,
814 2145 934 2213 praesto
959 2147 1005 2197 est
1027 2139 1175 2214 medicus,

118 2222 331 2283 abscinduntur
362 2239 467 2292 venae,
500 2223 602 2296 vigens
635 2219 732 2280 adbuc
765 2219 871 2280 balneo
904 2220 1046 2294 insertur,
1081 2226 1175 2286 calida

117 2324 190 2383 aqua
215 2314 369 2373 mersatur,
393 2303 472 2363 nulla
496 2304 573 2364 edita
595 2322 667 2365 voce
691 2321 745 2382 qua
770 2314 865 2366 semet
879 2305 1086 2370 miseraretur.
1111 2310 1174 2371 Cir-

117 2387 244 2450 cumdati
274 2388 393 2448 interim
421 2387 556 2447 custodia
585 2388 635 2465 qui
667 2386 755 2448 simul
783 2388 997 2457 discubuerant
1023 2412 1083 2456 nec
1114 2394 1170 2455 nisi

115 2476 367 2551 prorectaxnocte
396 2470 499 2530 omissi
528 2479 607 2542 sunt,
637 2468 795 2552 postquam
824 2493 961 2553 paverem
991 2495 1108 2550 eorum,
1135 2487 1208 2539 enta

115 2575 218 2617 mensa
239 2555 361 2617 exitium
385 2555 613 2634 opperientinm,
638 2566 667 2619 et
688 2557 866 2635 imaginatus
888 2570 918 2621 et
940 2551 1080 2624 inridens
1093 2563 1172 2625 Nero

115 2642 187 2703 satis
210 2639 351 2720 supplicii
372 2640 466 2702 luisse
488 2642 530 2702 ait
552 2661 606 2722 pro
629 2643 724 2721 epulis
747 2644 963 2706 consularibus.
1018 2698 1022 2702 .

65 2729 104 2791 to
198 2727 280 2788 Exim
295 2727 409 2787 Annaei
424 2726 536 2790 Lucani
559 2727 678 2789 caedem
700 2728 836 2806 imperat.
858 2730 886 2791 ls
909 2730 1080 2807 profluente
1102 2752 1173 2795 sao·

115 2813 212 2890 guine,
240 2812 291 2874 ubi
315 2812 474 2890 frigescere
497 2813 587 2892 pedes
610 2821 773 2892 manusque
794 2823 826 2875 et
846 2814 988 2893 paulatim
1011 2815 1049 2877 ab
1073 2825 1172 2879 extre-

111 2899 168 2960 mis
197 2899 303 2959 cedere
331 2897 468 2976 spiritum
497 2898 609 2959 fervido
633 2898 729 2959 adbuc
752 2909 782 2959 et
803 2908 941 2977 compote
963 2901 1074 2962 mentis
1095 2913 1208 2980 pec-N

74 2987 76 2991 “
115 2991 177 3043 tore
199 2982 350 3060 intellegit,
374 2983 546 3044 recordatus
568 2991 686 3044 carmen
710 3002 726 3042 a
750 3003 782 3044 se
799 2985 1007 3061 compositum,
1030 3004 1090 3065 quo
1106 2986 1169 3046 rol·

115 3074 247 3126 neretum
277 3066 401 3127 militem
429 3085 483 3144 per
505 3066 649 3146 eiusmodi
674 3068 778 3131 mortis
802 3067 959 3145 imaginem
982 3069 1088 3132 obisse
1111 3081 1172 3135 tra·

112 3150 235 3220 diderat,
264 3167 367 3211 versus
387 3149 478 3228 ipsos
508 3151 629 3225 rettulit,
657 3171 751 3232 eaque
781 3151 823 3211 illi
852 3170 992 3231 suprema
1022 3174 1080 3219 vox
1101 3157 1171 3220 luit.

144 3318 167 3367 9.
188 3330 418 3380 reports=recens
440 3315 466 3365 S.
481 3333 511 3366 zu
524 3316 567 3368 Vl.
584 3322 607 3370 7.
660 3318 706 3367 Die
718 3315 837 3368 Laleincr
853 3318 949 3370 konnen
968 3321 1021 3379 das,
1044 3322 1100 3373 dem
1113 3325 1174 3374 eine

143 3386 182 3435 to.
203 3382 336 3434 Statiliam
350 3381 524 3436 Messalinum.
543 3385 612 3439 Nero'
661 3384 879 3446 vergleicbswcise
897 3388 1074 3453 Bezeicbnnng
1095 3407 1173 3454 gege-

108 3452 246 3501 beiratbete
259 3451 295 3501 sie
305 3453 389 3516 spetcr
402 3456 462 3502 nach
479 3453 610 3506 dernTcde
659 3452 708 3501 ben
718 3453 790 3510 wird.
812 3456 961 3518 weglasseu.
985 3457 1082 3508 Unscrc
1093 3460 1173 3525 Spra·

108 3519 154 3570 der
170 3521 299 3585 Poppaeo.
319 3519 388 3573 Suet.
406 3519 466 3572 Ner.
485 3525 515 3574 35
535 3528 610 3572 nennt
659 3521 704 3570 obe
722 3530 842 3584 gestattet
859 3524 903 3574 das
921 3525 988 3574 niebt
1006 3528 1055 3576 und
1070 3529 1174 3591 ndtbigt

22 3590 30 3602 ⁸
107 3588 144 3638 aie
165 3587 248 3638 Tauri
269 3589 307 3638 bar
331 3591 445 3640 consular
468 3596 495 3640 et
517 3592 609 3639 tm'um-
658 3590 730 3639 oetrrt
747 3591 907 3642 unribersetzt
924 3609 954 3642 zu
973 3592 1066 3643 lassen.

104 3657 193 3721 pbulr's
210 3656 351 3724 abneptem.
373 3658 432 3707 Dies
450 3658 483 3706 ist
499 3658 546 3707 der
563 3655 604 3705 vt.
692 3661 732 3709 25.
759 3675 793 3707 oo:
810 3673 898 3709 mensa
919 3661 987 3709 ‘nach
1009 3661 1055 3711 der
1073 3661 1167 3715 Taren

110 3727 136 3776 tt
157 3733 287 3788 generante,
305 3725 348 3777 lbr
365 3725 444 3776 Vater
459 3724 607 3774 warwalrr-
689 3724 740 3782 ru.
773 3728 814 3777 33.
843 3743 932 3776 caretas
955 3731 1026 3793 t'pror
1050 3732 1168 3782 rettulit.

106 3792 237 3843 sobeinlicb
255 3790 378 3859 Suillius
396 3792 530 3854 Corvinus,
557 3806 604 3839 von
656 3791 862 3845 anamulata
879 3794 977 3846 Ferrea
995 3796 1058 3847 darm
1075 3805 1170 3865 puppi

105 3860 160 3910 dem
177 3877 208 3910 zu
225 3858 344 3919 Xllss'lb,
656 3861 765 3929 rapidos
781 3876 876 3911 marrus
894 3866 1088 3937 impr-ituraeos,
1107 3869 1166 3919 A&

139 3923 602 3988 till.15.ualutgobbrtzuaraana
653 3928 717 3989 ficit
732 3926 863 3994 Lycidan.
899 3931 1001 3987 Merrae
1023 3933 1099 3993 foret
1116 3937 1167 3989 ille
