2550 4350
91 254 93 259 ’
160 267 220 332 148
551 275 696 329 connum
712 276 824 330 racrrr
1092 277 1211 340 (eum

156 433 232 496 satin
261 431 411 495 cohiberet
437 449 471 494 ac
503 416 651 511 premeret
685 450 791 494 seusus
822 448 894 493 suos
923 429 1070 491 Tiberius.
1119 428 1205 493 lluud

154 518 225 580 alias
246 517 387 578 intentior
407 516 534 598 populus
556 517 623 597 plus
652 517 710 578 sibi
730 518 761 578 in
791 515 953 596 principem
976 514 1106 576 occultae
1125 515 1207 601 uocis

48 662 53 679 ,
102 607 205 669 12aut
234 601 394 681 suspicacis
423 601 531 663 silentii
557 601 700 682 permisit.
751 601 805 662 Die
826 608 945 662 senatus
966 599 1073 661 Caesar
1095 600 1207 662 oratio·

152 705 220 751 nem
255 687 357 748 babuit
392 687 530 748 meditato
563 695 814 766 temperamento·
864 684 959 747 Patris
998 684 1047 761 'sui
1080 685 1209 764 legatum

151 783 238 851 atque
260 771 384 833 amicum
405 771 546 834 Pisonem
567 772 676 845 luisse,
710 771 931 848 adiutoremque
953 769 1128 835 Germanico
1150 771 1234 832 da-⁵

150 866 212 918 tum
235 875 251 917 a
273 876 316 930 sc,
338 865 456 918 auctore
475 865 595 930 senatu,
617 856 707 919 rebus
730 865 799 937 aput
820 855 970 917 Orientem
992 853 1204 916 administran-

151 942 208 1004 dis.
256 941 318 1002 lllic
352 941 532 1003 contumacia
566 949 596 1001 et
628 941 835 1004 certaminibus
869 949 1038 1019 asperasset
1070 939 1205 1002 iuvenem

150 1026 287 1106 exituque
309 1025 372 1088 eius
394 1026 516 1088 laetatus
538 1034 634 1098 esset,
667 1044 705 1088 an
727 1026 837 1089 scelere
859 1024 1045 1096 eminuisset,
1081 1024 1203 1103 integris

151 1111 256 1174 animis
279 1111 504 1172 diiudicandum.
542 1111 616 1171 Nam
637 1110 664 1171 si
685 1110 798 1189 legatus
821 1108 909 1170 oliicli
929 1108 1090 1184 terminos,
1113 1110 1204 1171 obse-

150 1197 250 1275 quium
273 1213 341 1273 erga
367 1195 575 1275 imperatorem
603 1195 699 1256 exsuit
729 1194 919 1272 eiusdemque
945 1202 1041 1256 morte
1069 1201 1099 1255 et
1124 1194 1248 1257 luctutu

149 1298 216 1341 meo
238 1280 361 1340 laetatus
385 1288 440 1351 est,
464 1280 555 1340 odero
578 1298 777 1358 seponamque
799 1298 815 1339 a
837 1280 925 1340 domo
948 1297 1010 1339 mea
1032 1288 1062 1340 et
1075 1279 1204 1357 privatas

131 1364 317 1425 ‘inimicitias
340 1382 400 1426 non
421 1364 449 1423 vi
470 1362 611 1443 principis
639 1363 772 1425 ulciscar.
823 1363 876 1423 Sin
904 1362 1014 1424 lacinus
1042 1363 1072 1424 in
1100 1364 1204 1426 cuius-

150 1467 274 1527 cumque
295 1447 462 1509 mortalium
484 1467 557 1510 nece
578 1447 782 1509 vindicandum
804 1446 964 1526 detegitur,
995 1466 1047 1508 ros
1076 1466 1145 1508 vero
1175 1459 1206 1511 et

148 1532 260 1594 liberos
288 1533 453 1594 Germanici
489 1543 517 1594 et
548 1552 603 1594 nos
637 1541 774 1612 parentes
806 1533 892 1593 iustis
927 1531 1043 1593 solaciis
1078 1532 1203 1595 adiicito.

151 1617 302 1696 Simulque
324 1618 394 1678 illud
416 1626 565 1698 reputate,
595 1617 714 1685 ,turbide
743 1626 772 1678 et
801 1617 942 1678 seditiose
963 1616 1126 1678 tractaverit
1148 1630 1247 1679 vex-15

150 1703 258 1764 orcitus
279 1702 367 1776 Piso,
398 1703 529 1782 quaesita
558 1703 617 1764 sint
641 1721 695 1782 per
721 1701 911 1763 ambitionem
947 1701 1043 1763 studia
1070 1701 1206 1776 militum,

148 1787 238 1848 armis
262 1787 385 1865 repetita
406 1787 573 1868 provincia,
590 1806 642 1848 an
664 1787 737 1849 lalsa
758 1788 830 1850 haec
852 1786 882 1847 in
910 1786 1004 1848 maius
1027 1786 1206 1865 vulgaverint

147 1880 354 1946 accusatores3
394 1892 518 1952 quorum
559 1890 612 1951 ego
647 1871 747 1945 nimiis
787 1871 891 1934 studiis
931 1871 994 1932 iure
1031 1889 1205 1935 suscenseo.

147 1956 225 2018 Nam·
249 1976 306 2036 quo
333 1959 476 2036 pertinuit
503 1958 615 2018 nudare
652 1975 760 2036 corpus
794 1965 823 2018 et
858 1957 1098 2018 contrectandum
1127 1958 1204 2037 vulgi

150 2042 243 2104 oculis
272 2043 461 2121 permittere,
495 2042 664 2121 differrique
693 2041 780 2102 etiam
807 2058 861 2120 per
888 2050 1026 2102 externos
1056 2051 1245 2122 tamquamto

148 2144 262 2188 veneno
286 2126 466 2205 interceptus
491 2134 585 2199 esset,
614 2125 640 2186 si
667 2125 778 2187 incerta
804 2124 900 2186 adhuc
920 2125 977 2185 ista
1000 2135 1029 2186 et
1051 2127 1204 2189 scrutanda

147 2209 239 2272 sunt?
275 2209 375 2272 Delleo
398 2209 532 2290 equidem
554 2210 644 2270 lilium
668 2229 765 2271 meum
787 2228 962 2288 semperque
983 2210 1118 2287 delleb03
1148 2211 1201 2274 sed

146 2313 242 2373 neque
264 2313 347 2354 reum
368 2293 512 2374 prohibeo
541 2313 598 2372 quo
626 2294 724 2355 minus
753 2304 854 2355 cuncta
876 2295 1006 2373 proferat
1028 2297 1134 2375 quibus
1153 2296 1201 2358 iu-

144 2378 282 2440 nocentia
305 2377 367 2439 eius
390 2378 536 2439 sublevari
558 2387 625 2451 aut,
658 2378 685 2439 si
712 2397 768 2458 qua
791 2379 846 2440 luit
867 2379 1003 2459 iniquitas
1027 2381 1205 2457 Germanioi,

144 2463 264 2542 coargui
285 2462 398 2542 possit,
425 2482 537 2542 vosque
568 2481 621 2524 oro
650 2482 703 2536 ne,
736 2462 804 2543 qula
831 2464 926 2526 dolori
946 2484 1013 2528 meo
1036 2484 1122 2528 cansa
1144 2477 1243 2527 ιιι-25

143 2566 216 2608 nexa
240 2554 300 2621 est,
323 2547 437 2610 obiecta
459 2548 579 2610 crimina
601 2568 655 2629 pro
678 2548 848 2628 adprobatis
870 2550 1028 2630 accipiatis.
1070 2548 1102 2611 si
1123 2569 1201 2629 quos

141 2632 327 2713 propinquus
356 2632 475 2713 sanguis
503 2642 553 2695 aut
579 2634 652 2696 fides
682 2653 734 2696 sua
763 2643 904 2715 patronos
933 2637 1027 2707 dedit,
1059 2646 1202 2714 quantum

144 2717 270 2799 quisque
298 2718 462 2798 eloquentia
492 2728 521 2780 et
549 2739 618 2782 cura
641 2720 729 2796 valet,
763 2721 860 2782 iuvate
887 2722 1107 2802 periclitantem.
1157 2721 1202 2782 Ad
1255 2798 1259 2805 .

144 2803 271 2865 eundem
304 2803 451 2880 laborem,
489 2805 610 2867 eandem
645 2807 837 2868 constantiam
873 2817 1058 2868 accusatores
1084 2806 1199 2867 hortor.

143 2888 176 2948 ld
199 2889 295 2949 solum
311 2889 482 2950 Germanico
506 2909 595 2968 super
615 2891 695 2968 leges
717 2889 965 2969 praestiterimus,
989 2891 1067 2969 quod
1089 2890 1120 2951 in
1142 2903 1241 2953 ιιι-31)

143 2972 187 3032 ria
208 2973 307 3050 potius
337 2992 423 3052 quarn
453 2973 483 3033 in
510 2976 591 3046 loro,
624 2982 694 3052 aput
723 2982 856 3034 sonatum
884 2993 970 3052 quam
998 2985 1068 3054 aput
1092 2975 1203 3039 iudices

177 3104 199 3152 1.
223 3102 304 3152 Haud
333 3104 401 3154 olias
432 3104 466 3154 ist
490 3103 585 3154 sowobl
614 3120 646 3153 zu
698 3102 748 3154 Cic.
769 3102 842 3153 Tusc.
869 3103 967 3162 lll.15‚
984 3107 1015 3156 33
1044 3109 1142 3159 incitat
1169 3110 1208 3160 ud

140 3172 269 3219 intentior
290 3168 328 3219 als
345 3185 376 3219 zu
393 3170 455 3235 plus
470 3173 591 3236 permisit
615 3187 647 3220 zu
696 3170 895 3235 conspiciendos
913 3176 1020 3237 totoque
1036 3180 1122 3223 moute
1141 3193 1206 3228 ccu-

143 3235 247 3286 denlrcn.
697 3237 847 3288 trectandoe
863 3241 954 3289 comcs
970 3239 1124 3304 uoluptates.

174 3298 222 3360 12,
239 3305 263 3353 4.
283 3301 400 3366 ugatum
414 3312 584 3370 propraetore
597 3319 646 3354 von
730 3306 770 3356 tt.
787 3305 1085 3370 fidcs‘Treuberziglreit
1098 3309 1208 3361 Bieder-

141 3370 262 3438 Hispania
278 3369 388 3429 citerior.
410 3372 460 3421 wie
478 3388 500 3422 c.
513 3373 544 3424 13
563 3372 642 3435 zeigt:
696 3372 766 3431 sinn',
795 3374 906 3427 welcher
923 3391 950 3426 os
968 3376 1009 3425 srir
1026 3375 1095 3425 selue
1112 3375 1203 3430 Pllicbt

141 3441 205 3491 deun
218 3437 337 3504 llispunia
355 3438 460 3490 ulterior
476 3440 647 3492 warSenats·
695 3439 747 3492 bailt
778 3441 919 3507 Bedringte
954 3460 985 3494 zu
1019 3447 1203 3498 unterstritzen..

141 3508 253 3576 provinz.
291 3506 317 3556 S.
337 3522 369 3556 zu
386 3506 457 3561 ltu.
694 3509 863 3577 Propinquus
884 3514 994 3577 tongues
1020 3514 1078 3575 geht
1101 3515 1148 3564 cul
1168 3515 1198 3566 1..

177 3579 216 3629 10.
234 3578 426 3641 imperatorem.
457 3576 483 3627 S.
503 3593 535 3627 zu
552 3576 570 3626 l.
583 3578 607 3628 3.
695 3577 763 3629 Piso.
790 3581 855 3632 Dass
872 3596 901 3632 or
918 3581 963 3632 der
980 3581 1077 3632 Bruder
1095 3583 1138 3633 des
1152 3583 1196 3635 Cn.

177 3647 215 3697 11.
238 3657 413 3709 seponamque
437 3660 454 3694 o
477 3644 552 3695 domo
577 3659 644 3709 moa,
695 3645 753 3698 Piso
770 3664 839 3707 war,
861 3651 921 3699 sebo
938 3649 987 3698 wir
1005 3650 1110 3710 durans,
1140 3653 1197 3702 dass

141 3713 217 3763 durch
242 3711 436 3774 Aullirndigung
464 3713 510 3763 der
534 3711 645 3763 urcund—
695 3730 724 3766 er
740 3715 790 3766 wie
808 3717 891 3767 dieser
909 3715 953 3767 Cre
971 3717 1044 3780 filius
1061 3720 1139 3770 beisst
1165 3719 1198 3769 im

140 3782 229 3831 sebal't.
266 3778 297 3830 ll.
306 3783 347 3832 71).
368 3778 460 3832 litut.
542 3779 547 3788 ’
696 3781 972 3836 Consuluverzcicbniss
985 3785 1201 3841 vorlliosbbstcu

175 3853 214 3901 15.
233 3850 371 3899 eucrcibcr.
407 3848 434 3900 S.
454 3865 484 3899 zu
502 3848 521 3900 Ι.
537 3850 578 3901 52.
694 3851 771 3903 Bucb.
885 3870 887 3876 ⁸

177 3919 215 3968 19.
234 3916 452 3969 contrectandum
466 3917 541 3983 uulgi
553 3917 642 3970 oculis.
729 3921 768 3972 30.
786 3934 866 3986 super
884 3921 960 3986 loger.
995 3922 1022 3973 S.
1042 3939 1074 3974 zu
1090 3922 1121 3973 ll.
1137 3924 1180 3974 19.
