2550 4350
140 259 203 320 202
527 269 672 321 connum
691 269 823 320 ractrr.
1083 259 1206 335 nune

142 422 265 501 sullugia
282 423 504 496 Garamantum3
526 423 583 483 alio
605 424 707 496 latere,
730 442 767 483 ne
793 423 970 485 Cirtensium
993 425 1059 503 pagi
1083 426 1206 505 impune

141 509 333 579 traherentur,
356 506 507 585 propriam
531 526 649 568 manum
665 509 786 569 Blaesus
802 508 879 569 filius
895 509 986 568 duxit.
1024 509 1121 570 Medio
1136 530 1204 572 cum

141 592 277 664 delectis,
310 591 428 652 castella
451 601 480 651 et
500 592 681 653 munitiones
704 593 819 652 idoneis
848 593 921 653 locis
950 593 1115 670 inponens,
1148 596 1208 656 dux

139 675 205 755 ipse
227 686 287 736 arta
311 685 340 736 et
368 674 482 736 inlensa
511 676 649 736 hostibus
678 685 780 736 crructa
810 679 933 748 lecerat,
968 677 1051 755 quia,
1085 698 1207 758 quoquo

141 761 330 832 inclinarent,
364 778 433 838 pars
456 759 551 838 aliqua
580 760 680 821 militis
702 760 826 820 Romani
855 760 884 820 in
908 779 976 831 ore,
1009 762 1039 820 in
1061 762 1153 824 latere
1177 774 1234 825 ets

141 863 229 922 saepe
258 864 272 904 a
302 853 385 922 tergo
415 852 494 916 erat3
531 843 671 921 multique
701 850 736 905 eo
767 845 854 904 ruodo
891 845 968 905 caesi
997 854 1047 905 aut
1075 846 1204 908 circum·
1267 845 1269 848 ’

141 929 228 988 venti.
272 929 355 989 Tunc
377 927 556 1006 tripertitum
579 928 738 989 exercitum
761 929 859 1006 plures
882 929 913 988 in
936 948 1040 989 manus
1064 930 1210 1008 dispergit

140 1014 353 1091 praeponitque
369 1013 556 1072 centuriones
573 1013 689 1074 virtutis
706 1025 853 1092 expertae.
882 1012 952 1084 Neo,
972 1023 1002 1074 ut
1017 1032 1083 1074 mos
1098 1015 1204 1087 luerat,

140 1107 203 1157 acta
226 1106 334 1157 aestate
356 1097 480 1157 retrahit
501 1097 601 1174 copias
625 1107 672 1158 aut
694 1098 723 1157 in
748 1097 943 1157 hibernaculis
958 1098 1065 1158 veteris
1081 1099 1205 1177 provin-

126 1182 203 1242 ·oiae
225 1181 384 1259 componit,
408 1181 461 1240 sed
485 1182 568 1241 utin
591 1181 693 1242 limine
715 1180 783 1242 belli
807 1181 960 1259 dispositis
983 1182 1121 1253 castellis,
1150 1203 1206 1261 per
1221 1196 1251 1244 th

143 1265 295 1344 expeditos
319 1274 349 1325 et
371 1265 562 1326 solitudinum
585 1285 693 1343 gnaros
717 1275 877 1325 mutantem
898 1265 1019 1342 mapalia
1036 1266 1207 1328 Taolarino-

142 1358 201 1409 tem
224 1350 425 1427 proturbabat,
449 1351 544 1410 donec
566 1351 655 1410 lratre
678 1349 741 1409 eius
764 1358 849 1427 capto
872 1368 1029 1427 regressus
1052 1359 1108 1422 cst,
1131 1370 1207 1429 pro-

143 1435 294 1512 perantius
316 1443 414 1494 tamen
437 1453 523 1513 quam
546 1453 581 1494 ex
604 1433 725 1493 utilitate
748 1434 907 1503 sociorum,
930 1434 1041 1495 relictis
1062 1453 1117 1512 per
1131 1454 1208 1512 qnos

45 1565 49 1578 .
141 1528 311 1596 resurgeret
332 1518 450 1579 bellnmss
500 1518 558 1579 Sed
582 1517 717 1576 Tiberius
746 1535 800 1594 pro
830 1519 962 1577 conlecto
986 1519 1207 1596 interpretatus,

141 1601 170 1662 id
193 1621 308 1680 quoque
330 1604 433 1665 blaeso
458 1602 559 1663 tribuit
590 1613 622 1660 ut
648 1602 810 1679 imperator
831 1621 847 1662 a
870 1602 1036 1680 legionibus
1059 1602 1252 1664 salutare-15

142 1693 205 1756 tur,
240 1688 338 1765 prisco
369 1707 437 1766 erga
466 1687 555 1746 (luces
584 1685 715 1755 honore,
748 1687 797 1763 qui
826 1686 903 1746 bene
930 1695 1013 1764 gesta
1035 1705 1067 1747 re
1089 1687 1207 1765 publica

143 1771 249 1847 gaudio
272 1772 433 1851 ctqirnpetu
455 1770 575 1830 victoris
599 1771 746 1830 exercitus
768 1770 1041 1844 conclamabantur3
1066 1782 1209 1851 erantque
1249 1794 1253 1798 ·

142 1854 242 1932 plures
267 1856 353 1916 simul
376 1857 568 1933 imperatores
599 1873 654 1914 nec
677 1873 767 1932 super
781 1867 962 1915 ceterorum
992 1856 1207 1932 aequalitatem.

143 1937 296 2000 Concessit
317 1939 491 2017 quibusdam
516 1947 545 1998 et
566 1941 714 2016 Augustus
743 1939 772 1999 id
800 1939 972 2015 vocabulum
1005 1958 1038 1999 ac
1061 1948 1129 2000 urnc
1152 1941 1206 2000 ri-

39 2020 45 2027 '
142 2022 242 2084 herius
265 2023 368 2084 Blaeso
391 2031 584 2101 postremum.
1218 2037 1252 2086 2ο

91 2109 130 2169 75
229 2108 337 2169 Obiere
359 2128 394 2168 eo
418 2124 495 2166 anno
519 2107 572 2166 viri
594 2107 734 2167 inlustres
756 2104 876 2167 Asinius
899 2106 1076 2178 Saloninus,
1107 2108 1207 2170 hlarco

141 2193 268 2271 Agrippa
291 2200 320 2252 ct
341 2190 473 2252 Pollione
494 2191 597 2250 Asinio
619 2191 697 2260 avis,
731 2193 820 2252 lratre
841 2191 937 2251 Druso
960 2190 1102 2268 insignis,
1123 2192 1208 2252 Cae-

142 2277 259 2355 sarique
281 2294 431 2354 progener
449 2275 622 2346 destinatus,
647 2285 676 2335 ct
691 2276 793 2354 Capito
811 2275 923 2345 Ateius,
948 2276 984 2334 de
1007 2294 1063 2353 quo
1088 2295 1207 2336 memo·

93 2365 100 2423 ’.
141 2362 219 2431 ravi,
248 2361 409 2438 principem
433 2361 462 2418 in
486 2359 600 2419 civitate
628 2359 725 2420 locum
753 2359 858 2420 studiis
881 2358 1015 2419 civilibus
1038 2360 1205 2431 adsecutus,

143 2446 196 2505 sed
220 2463 273 2504 aro
297 2443 469 2503 centurione
492 2443 622 2514 Sullano,
645 2455 728 2521 patre
750 2442 911 2521 praetorio.
963 2444 1153 2504 Consulatum
1178 2448 1250 2508 ei25

142 2528 356 2590 adceleraverat
370 2529 528 2604 Augustus,
553 2537 584 2589 ut
599 2529 767 2590 Labeonem
783 2527 952 2597 Antistium,
976 2528 1070 2588 isdem
1092 2530 1206 2590 ortibus

140 2611 578 2692 praecellentem,dignatione
601 2613 665 2674 eius
687 2613 871 2692 magistratus
894 2613 1029 2672 anteiret.
1073 2612 1209 2692 Namque

138 2825 170 2860 au
188 2810 235 2859 den
255 2808 324 2860 Gar.’
353 2811 409 2874 Vgl.
430 2812 526 2866 lV.23.
565 2814 647 2879 Cirta,
697 2815 760 2863 lrurz
787 2814 890 2870 rorher,
919 2829 941 2862 c.
960 2816 1000 2863 tu.
1056 2814 1210 2865 Ausserdcru

139 2878 185 2926 das
204 2878 303 2938 hcotigc
323 2878 492 2932 Constantine.
699 2882 900 2931 lomuttervor
918 2878 1047 2931 Ι.“16.“19.
1120 2932 1122 2937 ,

137 2978 142 2986 ·
172 2946 195 2995 2.
213 2944 324 2997 Blaesus
340 2948 420 3009 filias.
458 2950 484 3000 S.
505 2967 536 3000 zu
554 2949 573 2999 l.
590 2952 627 3001 19.
732 2951 771 3000 at.
794 2947 884 2997 studia
903 2949 993 2996 cicilia
1013 2947 1069 2996 sind
1097 2948 1210 2998 fierden

172 3013 196 3063 3.
215 3016 311 3064 veteris
324 3020 489 3081 prouinciae.
531 3017 578 3068 llio
597 3017 648 3065 lrti·
698 3015 790 3064 Rdmer
808 3014 997 3064 Beredsumlreit
1015 3017 1063 3063 und
1079 3015 1212 3082 lurispru·

138 3081 198 3129 hero
237 3080 434 3146 Carthagischen
469 3085 644 3145 besitauagen.
698 3083 770 3131 dena.
796 3080 1207 3144 llieristdielctztcregemeiat,

137 3146 185 3198 Die
209 3164 301 3200 neuere
318 3151 427 3202 Provinz
451 3167 508 3202 war
530 3151 575 3200 das
599 3166 647 3199 von
698 3164 720 3198 c.
737 3151 777 3199 to.
1249 3155 1254 3164 “

138 3215 220 3265 Cisur
237 3219 298 3268 nach
309 3219 323 3269 J
327 3221 388 3270 obas
406 3220 554 3280 ssestegung,
574 3218 608 3268 46
620 3232 644 3265 ν.
732 3217 771 3265 25.
780 3219 859 3278 patra
867 3217 1013 3278 praetorio.
1025 3215 1213 3268 Wahrschein·

139 3281 193 3340 ct..
217 3285 392 3350 hinzugcsrigtc
409 3285 550 3336 Numidico.
697 3281 745 3330 lioh
763 3296 820 3330 war
837 3280 890 3329 scin
909 3280 989 3332 Vater
1007 3282 1052 3329 der
1071 3281 1096 3330 C.
1114 3285 1212 3336 Ateius

173 3353 211 3403 th.
229 3359 262 3403 nt
277 3355 312 3404 ist
324 3353 486 3415 hiozugelrigt
498 3364 585 3410 wesen
602 3348 646 3397 des
699 3347 806 3464 Capito,
830 3347 941 3396 welcher
959 3351 990 3398 55
1009 3363 1033 3395 v.
1050 3346 1095 3397 Ctr.
1117 3349 1212 3402 Voltis·

136 3417 505 3486 metaphorischenAusdruclrs
515 3419 544 3464 in
556 3415 646 3464 limine
697 3415 730 3466 tri
749 3431 781 3463 un
807 3430 869 3465 war.
920 3415 967 3465 hio
991 3413 1116 3466 XXXlX.
1133 3420 1207 3470 3211.

137 3487 205 3537 balli.
698 3481 749 3533 Cic.
771 3483 802 3533 dc
821 3483 871 3532 div.
892 3481 911 3533 l.
928 3485 966 3541 16,
977 3485 1017 3535 29.

169 3550 217 3611 75.
236 3559 276 3608 21.
294 3553 403 3603 Asinius
414 3549 566 3613 Saloninus,
578 3549 644 3599 Schn
730 3549 909 3602 Consulatum.
940 3551 977 3601 Er
986 3566 1042 3601 war
1052 3552 1145 3603 Consul
1155 3555 1212 3604 sul·

135 3621 181 3672 (les
199 3622 300 3672 Asinius
318 3617 413 3667 Gallus.
457 3616 483 3667 S.
503 3616 524 3667 l.
543 3620 584 3686 12.Ι
603 3619 641 3669 13.
695 3618 908 3671 lectusbn.Ch.
947 3619 1014 3669 Fasti
1034 3619 1208 3672 Procnllar.

135 3688 179 3740 Vl.
196 3691 237 3739 23.
696 3689 756 3738 Arv.
776 3703 800 3752 p.
811 3689 856 3738 il:
880 3686 938 3750 [Cn.
949 3687 1028 3737 Cinna
1039 3686 1067 3736 L.
1077 3688 1206 3739 Valerius.

126 3751 129 3755 ’
169 3756 209 3804 23.
226 3765 367 3818 progener.
391 3751 428 3802 Er
440 3753 513 3803 sollte
525 3752 581 3802 eioe
600 3753 646 3804 der
697 3755 752 3806 Sus.
772 3755 796 3803 lr.
818 3754 879 3819 l]ul.
900 3754 1207 3822 CAtciuc[C.Vihius].

134 3820 245 3872 'l’iohtcr
263 3822 307 3871 des
322 3821 485 3873 Germanicus
503 3820 641 3872 heiretheu.
698 3821 768 3873 Grut.
790 3824 847 3877 3112.
864 3823 894 3873 9:
927 3821 952 3872 C.
976 3824 1053 3873 Ateio
1079 3823 1209 3891 Capitone

135 3929 137 3933 .
167 3891 319 3939 memorari.
346 3887 407 3938 rao.
428 3889 505 3941 moint
517 3889 557 3940 die
567 3889 645 3940 Stella
699 3888 723 3940 C.
744 3888 822 3940 Vibio
841 3890 964 3941 Postumo
983 3906 1033 3941 car.
