2550 4350
87 265 158 346 pii.
171 285 213 349 n)
295 240 336 336 in
355 242 507 335 nxcnssu
525 279 593 336 mvi
612 282 753 336 iucusrr
771 283 817 334 xi.
839 287 879 336 ar.
900 287 942 337 ss.
1112 277 1151 337 29

88 440 173 499 Tunc
195 437 322 516 primum
347 439 494 498 fortunam
515 455 602 498 suam
624 437 812 516 introspexit,
836 438 1007 515 ferrumque
1026 441 1152 519 accepit,
1164 445 1204 507 38
1246 464 1248 468 ·

90 522 171 600 quod
193 524 301 583 lrustra
324 521 424 598 iugulo
447 531 498 581 aut
518 521 634 600 pectori
655 540 712 600 per
734 520 964 600 trepidationem
991 521 1168 601 admovens

87 607 149 665 ictu
172 605 284 666 tribuni
307 605 491 682 transigitur.
537 607 653 683 Corpus
681 604 769 666 matri
793 622 981 665 concessum.
1025 605 1151 667 Nuntia-

10 719 13 727 Ι
86 698 209 767 tumque
229 689 351 750 Claudio
382 689 514 766 epulanti
543 689 660 766 perisse
681 688 888 759 Messalinam,
917 706 978 748 non
1008 688 1160 750 distincto·

61 786 141 832 5sna
170 791 207 834 an
236 773 332 832 aliena
354 791 454 834 manu.
498 772 560 832 Nec
582 772 632 832 ille
655 771 811 851 quaesivit,
834 772 1035 851 poposcitque
1057 792 1152 850 pocu-

86 857 148 917 lum
171 865 201 917 et
221 857 309 916 solita
332 857 469 917 convivio
493 855 654 916 celebravit
698 856 741 917 Ne
764 856 876 918 secutis
900 856 1020 933 quidem
1042 857 1149 918 diebus

85 940 148 1000 odii
176 940 292 1017 gaudii,
323 940 385 1000 irae
414 939 569 1012 tristitiae,
605 940 694 1000 ullius
722 940 852 1018 denique
880 939 1002 1001 humani
1024 943 1151 1002 allectus

21 1043 31 1078 ·.
84 1024 169 1100 signa
199 1023 296 1094 dedit,
326 1040 387 1083 non
416 1043 482 1084 cum
511 1024 656 1084 laetantes
678 1032 869 1085 accusatores
891 1024 1055 1102 aspiceret,
1089 1043 1150 1086 non

84 1126 152 1168 cum
174 1107 254 1167 tilios
276 1116 457 1168 maerentes.
489 1107 625 1186 Iuvitque
648 1107 830 1169 oblivionem
853 1108 918 1171 eius
941 1117 1062 1170 senatus
1079 1127 1149 1170 con·

47 1203 75 1250 1o
86 1192 181 1252 sendo
204 1210 315 1252 nomen
339 1201 369 1251 et
391 1192 506 1268 effigies
528 1192 652 1269 privatis
675 1210 711 1252 ac
732 1192 864 1270 publicis
885 1193 962 1253 locis
990 1193 1150 1254 demoren-

84 1277 147 1336 das.
190 1276 315 1339 Decreta
334 1275 478 1341 Narcisso
501 1277 673 1354 quaestoria
694 1275 833 1355 insignia,
856 1277 1042 1343 levissimum
1065 1276 1150 1338 lasti·
1214 1341 1216 1344 ,

85 1360 135 1420 dio
159 1360 233 1432 eius,
257 1378 324 1420 cum
347 1378 439 1437 super
462 1359 624 1421 Pallantem
651 1368 681 1421 et
703 1361 858 1422 Callistum
881 1369 990 1439 ageret.

168 1444 301 1505 Honesta
324 1443 455 1522 quidem,
478 1444 532 1505 sed
555 1463 591 1505 ex
614 1445 681 1525 quis
705 1445 1060 1525 deterrima-orerentur!

115 1617 166 1679 38-
199 1627 222 1676 9.
249 1626 332 1690 filios,
357 1625 515 1676 Britannicus
539 1626 589 1675 und
676 1628 715 1679 13.
736 1627 961 1677 Honestamsw.
986 1628 1153 1679 ‘GuteHand-

81 1690 202 1740 Octavia:
223 1692 268 1742 das
277 1693 441 1744 Masculinum
458 1709 506 1743 von
524 1693 590 1743 zwei
640 1693 738 1756 lungen'
756 1695 806 1756 (die
825 1695 976 1754 Bestralung
994 1694 1040 1744 der
1057 1695 1152 1746 Messa·

79 1757 586 1827 PersonenversolricdenenGesolrlechts.
639 1760 692 1809 lina
710 1761 760 1811 und
777 1761 847 1818 ihrer
863 1760 1073 1823 Mitschuldigen),
1098 1771 1152 1813 ‘aus

80 1824 181 1875 Ebenso
207 1824 250 1876 lV.
272 1830 312 1878 71.
339 1827 396 1878 Xll.
417 1830 447 1879 2.
459 1830 590 1894 privigni,
642 1826 724 1878 denen
748 1827 810 1877 aber
834 1827 879 1877 das
904 1827 1074 1878 Schlechteste
1099 1837 1152 1879 eut·

80 1891 112 1941 V.
136 1895 147 1942 1
170 1900 342 1959 pronepotes,
366 1894 424 1946 Xll.
444 1899 460 1948 4
483 1896 589 1956 fratres.
642 1897 714 1945 stehn
732 1894 812 1945 sollte‘
830 1895 880 1957 (die
899 1894 1004 1944 Heiratlr
1022 1893 1152 1945 desClau-

80 1960 143 2010 Hor.
161 1961 201 2009 od.
221 1961 252 2011 ll.
273 1964 296 2020 2,
318 1964 429 2014 finctus
446 1966 475 2013 ite
492 1963 592 2024 fratrea
643 1963 698 2013 dius
721 1963 767 2012 mil
790 1962 836 2013 der
852 1961 1002 2028 Agrippina.
1030 1962 1083 2012 sein
1102 1963 1153 2012 und

80 2030 167 2085 animi
179 2033 296 2094 paterni.
309 2075 312 2080 .
327 2029 398 2093 virg.
413 2032 476 2091 nen.
496 2030 528 2081 II.
541 2034 606 2083 455*
642 2032 727 2090 scinor
750 2030 847 2085 Kinder
863 2029 1017 2087 Verderlten·
1037 2029 1088 2084 und
1111 2029 1152 2081 dic

81 2111 134 2160 qua
159 2113 186 2145 se
208 2125 241 2135 -
272 2097 384 2165 Saepius
405 2098 593 2151 Andromache
642 2099 778 2165 Echehung
793 2099 836 2151 des
847 2095 916 2150 Nero
928 2098 975 2149 aul
985 2097 1149 2165 denTlrronll

51 2225 53 2230 ἱ
79 2162 590 2223 ferreincomitatasolebatAdsooeroa.
