2550 4350
21 238 24 245 ’
92 276 219 336 μω)
329 272 370 343 ap
389 270 628 323 excessuum
648 273 789 326 aucusn
808 274 851 324 nl.
872 277 970 328 saco
1107 269 1168 332 189

94 435 143 488 est
171 432 205 484 ut
232 423 383 503 pontificis
412 426 530 486 maximi
560 426 735 487 sententiam
767 428 986 506 opperirentur.
1031 430 1168 495 Tiberius

93 510 185 573 dilata
207 508 331 568 notione
355 509 392 568 de
413 511 477 570 iure
500 511 638 581 flaminis,
663 511 797 572 decretas
821 512 859 570 ob
877 511 1064 574 tribuniciam
1078 515 1166 576 Drusi

92 600 275 674 potestatem
299 595 493 654 caerimonias
518 596 706 673 temperavit,
734 596 908 656 nominatim
930 615 1057 675 arguens
1080 599 1166 659 inso-

92 678 216 739 lentiam
238 678 404 738 sententiae
427 698 590 757 aureasque
619 679 732 739 litteras
761 690 862 740 contra
890 683 1017 759 patrium
1035 699 1166 744 rnorem.

65 762 244 828 5Recitatae
266 770 296 822 et
318 762 406 822 Drusi
429 763 583 841 epistulae,
607 782 781 842 quamquam
804 765 840 824 ad
863 765 1039 827 modestiam
1061 768 1165 840 flexae,

92 865 154 928 pro
183 846 406 924 superbissimis
437 848 629 925 accipiuntur.
682 849 744 908 lluc
772 850 920 910 decidisse
948 859 1051 911 cuncta
1074 860 1167 912 utne
1246 916 1250 929 ,

92 931 211 992 iuvenis
240 931 359 1008 quidem
388 939 468 991 tanto
491 932 607 992 bonore
629 928 866 1014 accepto'adiret
887 934 969 994 urbis
993 936 1082 1008 deos,
1114 937 1163 996 in·
1244 943 1250 953 ⁴

91 1015 268 1097 graderetur
296 1024 449 1084 senatum,
485 1017 615 1095 auspicia
645 1017 748 1078 saltem
772 1018 879 1096 gentile
902 1028 971 1096 aput
993 1019 1089 1080 solum
1113 1020 1162 1080 in-

89 1101 214 1180 ciperet.
252 1099 364 1159 bellum
388 1100 509 1172 scilicet,
532 1110 582 1161 aut
604 1101 722 1162 diverso
746 1111 890 1163 terrarum
907 1104 1053 1177 distineri,
1076 1105 1163 1165 litora

51 1197 81 1249 lll
93 1195 123 1247 et
151 1185 234 1244 lacus
265 1183 440 1263 Campaniae
468 1203 533 1244 cum
562 1186 688 1246 manime
722 1195 937 1266 peragrantem.
993 1189 1042 1250 Sic
1069 1189 1162 1250 imbui
1240 1248 1246 1255 .

89 1276 240 1331 rectorem
270 1270 387 1346 generis
417 1268 554 1344 bumani3
591 1270 620 1330 id
655 1272 781 1349 primum
813 1292 828 1333 e
857 1273 987 1351 paternis
1024 1273 1159 1335 consiliis

90 1355 218 1416 discere.
264 1352 341 1412 Sane
364 1362 535 1431 gravaretur
563 1364 713 1432 aspectum
742 1357 849 1417 civium
880 1376 972 1418 senex
1000 1358 1163 1438 imperator

89 1441 262 1515 fessamque
284 1445 409 1498 aetatem
433 1448 461 1499 et
483 1447 565 1499 actos
589 1440 706 1500 labores
720 1443 943 1518 praetenderet:
966 1442 1063 1503 Druso
1079 1443 1160 1523 quod
1237 1493 1238 1496 ,

88 1523 148 1584 nisi
173 1541 209 1582 ex
232 1523 402 1600 adrogantia
425 1523 692 1601 impedimentum?

49 1619 78 1669 15
178 1607 237 1667 Sed
266 1606 405 1667 Tiberius
433 1609 491 1668 vim
520 1608 703 1686 principatus
739 1610 794 1669 sibi
828 1611 965 1682 firmans,
1002 1612 1158 1690 imaginem
1171 1615 1212 1678 60

86 1690 271 1770 antiquitatis
294 1691 407 1752 senatui
429 1692 599 1769 praebebat,
621 1693 770 1770 postulata
794 1695 1012 1772 provinciarum
1034 1697 1069 1756 ad
1093 1698 1158 1758 dis-

84 1876 161 1927 Cons.
184 1875 228 1926 des
246 1875 269 1924 l.
287 1877 319 1926 14
330 1891 354 1924 ν.
371 1874 414 1925 Cb.
438 1874 481 1925 Cu.
505 1874 600 1924 Corne·
650 1874 713 1924 rede
730 1880 886 1925 moreretur.
927 1876 962 1925 bn
979 1876 1003 1926 l.
1027 1880 1057 1928 14
1075 1893 1099 1926 n.
1113 1878 1158 1928 Cb.

47 1950 49 1954 ‘
85 1945 147 2009 lius,
160 1942 205 1994 Cu.
216 1944 245 2007 fi,
259 1941 396 1993 Lentulus.
421 1942 468 1992 Die
480 1942 600 1992 Bezeicb-
648 1957 706 1991 war
723 1957 752 1992 er
769 1943 891 2004 Magister
909 1943 1078 1993 dcrArvalen
1096 1944 1161 2008 (Ma-

83 2027 153 2075 nung
170 2025 262 2075 augur
285 2010 354 2060 dicut
376 2010 418 2060 bei
437 2012 486 2060 ibm
505 2010 598 2073 gleieb-
648 2010 698 2059 rini
716 2012 775 2060 Arv.
798 2010 891 2071 tabl).

83 2095 142 2131 sam
157 2077 197 2128 als
215 2077 356 2140 Cognomen
375 2094 421 2127 zur
439 2078 597 2128 Untersebei·
682 2081 705 2129 2.
724 2080 812 2141 nolio,
836 2078 886 2127 wie
910 2078 989 2136 diter,
1017 2077 1097 2140 gleicb
1117 2095 1159 2129 eo-

84 2148 212 2210 dnngvon
226 2147 320 2195 andern
333 2145 597 2208 gleicbnemigenPer·
645 2148 741 2210 gnitio.
779 2146 831 2195 Cic.
854 2146 884 2195 de
901 2145 918 2195 l.
939 2161 993 2209 agr.
1014 2145 1045 2195 ll.
1066 2149 1106 2204 21.
1125 2149 1157 2198 57

83 2230 162 2265 souen
182 2213 268 2263 dieser
284 2213 341 2263 Zeit
364 2215 412 2262 und
438 2214 502 2263 wird
527 2215 596 2265 dess·
648 2217 729 2263 ceteri
756 2216 819 2277 agri
852 2229 953 2277 ommes,
986 2216 1034 2278 qui
1060 2216 1159 2279 ubique

81 2281 142 2332 balb
173 2283 236 2332 aucb
265 2281 289 2329 in
318 2281 364 2330 den
390 2280 596 2332 Consularlasten
647 2286 723 2344 ueni,
746 2285 803 2331 sine
821 2283 876 2332 ullo
895 2283 1010 2344 delectu,
1037 2285 1094 2332 sine
1108 2298 1158 2347 po-

81 2349 134 2400 und
153 2349 185 2398 lm
204 2348 270 2398 Mon.
291 2349 385 2415 Ancyr.
407 2347 449 2399 ΙΙΙ.
461 2351 507 2400 23:
535 2366 596 2400 com·
645 2350 707 2413 puli
723 2347 838 2399 Romami
854 2353 970 2413 modone,
987 2352 1045 2399 siue
1056 2350 1156 2401 iudicio

79 2417 186 2467 settim
205 2415 249 2480 [M.
263 2415 356 2466 Crasso
369 2417 406 2480 et]
428 2419 469 2468 Gn.
481 2416 595 2468 Lentulo
646 2422 754 2466 semotus
772 2418 927 2467 decemviris
939 2417 1113 2481 addicentur5
1129 2435 1155 2484 p.

80 2499 196 2549 augure,
213 2482 350 2546 beigelfigl.
378 2483 595 2535 Daberbrauebte
647 2484 711 2532 dom.
727 2487 765 2541 13,
777 2487 809 2535 34
828 2500 896 2550 quae
909 2488 993 2535 omnis
1005 2488 1078 2536 notio
1088 2501 1158 2551 pen·
1209 2530 1212 2535 .

80 2549 229 2609 emblac„
252 2551 368 2600 wiewobl
387 2567 415 2601 er
426 2552 466 2600 ibn
479 2568 526 2602 nur
541 2552 597 2602 bier
648 2551 750 2611 tilicum
773 2568 827 2600 esse
854 2552 957 2611 debuit,·
984 2553 1016 2600 ad
1034 2554 1086 2602 Ait.
1107 2552 1154 2604 Xl.

78 2619 205 2676 eruebat,
228 2616 296 2667 bloss
315 2619 387 2668 einen
404 2617 500 2670 Numen
520 2621 595 2669 dazu-
647 2620 687 2672 20.
699 2620 713 2667 2
726 2618 817 2666 Etiam
828 2617 956 2667 Sallustio
965 2621 1076 2680 agnouit.
1097 2620 1157 2668 Om-

78 2695 215 2744 zusetzen‚
244 2685 294 2735 wie
319 2701 340 2736 c.
362 2689 394 2738 66
419 2686 517 2736 Colone
535 2703 594 2736 eeu·
645 2687 709 2733 uiuo
726 2684 938 2733 diciturnemini
950 2699 1067 2746 megum
1084 2686 1157 2747 quod

77 2757 153 2804 sorio
172 2761 247 2803 unter
264 2754 452 2804 mebrerenmlt
465 2753 592 2804 zweiNa·
643 2755 730 2816 ipsum
760 2756 799 2800 ost
828 2755 991 2815 suspectum,
1020 2753 1159 2801 notionem.

77 2837 137 2872 men
160 2816 340 2871 bezeiobneten
362 2821 490 2888 Personen
515 2823 589 2872 stelit.
644 2822 699 2868 eius
718 2818 831 2880 differri.
971 2841 972 2844 ¹
1156 2859 1158 2864 .

79 2889 141 2940 Son.
167 2888 252 2939 beuel.
278 2888 309 2938 ll.
325 2891 356 2941 27
394 2888 437 2939 Cu.
462 2888 593 2939 lentulus
677 2889 700 2938 3.
733 2887 902 2935 insolentium
933 2887 1080 2934 sententiae
1105 2899 1154 2935 ou·

46 2972 50 2979 ’
79 2971 179 3022 augur,
187 2955 497 3006 divitiarummueimum
506 2973 593 3006 emeru-
642 2970 754 3019 reasque
773 2954 821 3004 litt.
845 2953 946 3003 boziebt
964 2953 1015 3002 siob
1033 2952 1082 3003 aul
1096 2953 1153 3022 eino

74 3023 168 3090 plum,
199 3028 341 3088 autequam
370 3023 446 3073 illum
474 3025 594 3074 libertini
644 3023 733 3072 Sacbe.
772 3023 797 3073 S.
813 3025 886 3073 obl.
925 3020 982 3070 Tib.
1004 3022 1071 3071 batte
1090 3021 1159 3072 iiber.

73 3106 225 3158 pauperem
241 3091 370 3154 facerent,
397 3093 505 3156 dloqui
527 3107 592 3157 qua*
643 3091 690 3140 den
716 3091 851 3141 Godanlren
882 3089 971 3153 goldne
995 3089 1154 3140 Bnebstabou

76 3164 120 3208 ter
136 3159 223 3207 milies
234 3155 283 3208 HS
295 3173 374 3208 suum
390 3159 459 3208 uidit
468 3161 594 3224 (proprie
643 3160 814 3208 anznwenden
833 3159 885 3208 sieb
905 3158 1057 3224 uberhaupt,
1086 3158 1153 3208 nicbt

26 3229 28 3234 '
76 3225 156 3275 diui:
181 3226 251 3275 nibil
273 3228 343 3275 euim
373 3225 488 3290 emplius
512 3242 592 3290 quom
641 3225 710 3275 bloss
729 3227 770 3276 ltu
788 3227 874 3275 diesen
892 3226 953 3283 Fall.
978 3227 1158 3286 ausgelasseua

75 3292 176 3355 vidit),
200 3295 305 3358 ingenii
327 3293 382 3353 fruit
398 3295 509 3357 sterilis,
537 3299 592 3344 lum
641 3292 727 3343 Daber
745 3294 784 3343 die
802 3292 964 3356 Verbindung
982 3294 1058 3343 durob
1077 3310 1134 3359 que.

75 3360 172 3425 pusilli
197 3363 252 3409 oris
280 3376 361 3425 quom
387 3363 476 3410 animi.
526 3361 591 3411 Cum
675 3363 697 3412 6.
715 3377 766 3426 pro
783 3363 977 3426 superbissimis
998 3376 1051 3411 acc.
1089 3360 1152 3410 Wie

76 3433 144 3477 esset
160 3430 346 3491 avarissimus,
373 3443 494 3478 mttmmos
512 3431 591 3478 eitius
641 3428 686 3477 das
712 3426 823 3479 Ndebste
851 3430 931 3490 zeigt.
968 3428 1035 3477 nicbt
1061 3440 1151 3487 wegen

76 3497 214 3544 emittebat
230 3511 310 3559 quam
327 3496 423 3545 uerba:
455 3500 530 3544 lauta
548 3496 591 3545 illi
639 3496 708 3544 ibres
726 3495 834 3553 lnbalts,
860 3497 968 3545 soudern
992 3495 1090 3544 anund
1110 3495 1152 3544 fur

75 3562 586 3681 'silli‘iilliiff'llii'sibisibi
638 3563 702 3681 llll
722 3563 866 3680 ltlltb
884 3565 1045 3691 lllillgllan
1063 3560 1152 3610 laia-

73 3695 218 3748 Lentulum
245 3712 390 3761 ougmmm,
425 3700 471 3746 cui
496 3711 588 3746 census
672 3700 695 3748 9.
714 3647 818 3748 Belleem
834 3697 942 3759 scilieet,
962 3694 1033 3745 nimi.
1053 3711 1113 3744 esse.

73 3769 208 3816 mouimus
226 3765 324 3827 fuerit,
354 3770 425 3814 metu
443 3769 469 3814 et
486 3779 588 3829 angore
671 3760 720 3821 θθ.
740 3768 778 3816 16.
794 3765 933 3831 postulata
944 3760 1152 3828 provinoibrum·

74 3832 111 3881 ad
125 3833 268 3893 fastidium
285 3835 356 3881 vitoe
374 3833 406 3882 ab
422 3848 452 3882 eo
464 3830 587 3894 t'l'iberio)
638 3848 661 3882 u.
672 3848 735 3883 s.w.
771 3832 891 3899 Polybius
910 3830 952 3881 Vl.
967 3832 1010 3882 13:
1030 3826 1076 3879 καὶ
1092 3826 1151 3898 μὴν

73 3905 162 3951 aetum
181 3907 207 3952 et
224 3904 306 3950 ut-ne
323 3915 375 3964 quo
397 3902 452 3949 nisi
468 3903 525 3966 ipso
544 3901 587 3948 be-
638 3895 662 3950 sl
680 3900 737 3949 τῶν
753 3894 829 3953 ἐκτὸς
842 3893 957 3954 Ἰταλίας
979 3892 1049 3966 πρός
1072 3913 1150 3953 τινας
