2550 4350
160 259 220 324 152
544 263 688 349 cundati
705 263 816 319 Tael'l'l
865 308 872 322 ,
1086 267 1208 332 (audit

160 425 269 487 vixisse
295 440 361 495 me,
388 420 510 494 Cacsar,
548 438 612 482 cum
646 420 703 483 fide
737 420 889 483 adversum
917 427 947 481 te
973 438 1069 499 neque
1097 421 1152 485 alia
1178 423 1210 485 in

159 518 281 571 matrem
304 515 382 568 tuam
404 505 528 584 pietate3
549 523 661 584 rosque
683 523 748 579 oro,
770 504 871 567 liberis
892 504 966 566 meis
982 505 1153 581 consulatis,
1170 528 1211 571 ex

160 593 265 673 quibus
280 591 333 653 Cn.
345 591 415 652 Piso
433 589 635 669 qualicumque
656 591 789 652 fortunae
810 608 893 651 meae
907 607 966 650 non
983 597 1028 651 est
1042 590 1210 668 adiunctus,

159 695 224 741 eum
246 694 333 738 omne
354 674 411 737 hnc
424 683 541 754 tempus
556 674 587 735 in
601 674 674 736 urbe
689 675 791 754 egerit,
812 675 852 736 ll.
862 673 930 735 Piso
945 682 1081 753 repetere
1096 677 1211 756 Syriam

159 762 331 824 dehortatus
353 766 409 821 est.
440 758 534 838 itque
556 759 666 821 utinam
688 776 743 838 ego
757 760 856 839 potius
871 759 932 820 lilio
946 759 1044 820 iuveni
1060 779 1147 840 quam
1162 763 1235 826 illes

156 847 232 928 patri
252 845 316 907 seni
338 843 487 907 cessisset.
531 843 574 904 Eo
596 844 749 923 inpensius
769 862 876 924 precor
896 861 933 904 ne
954 862 1037 906 meae
1057 847 1209 925 pravitatis

157 949 269 1012 poenas
291 929 429 991 innoxius
450 929 520 990 luat.
563 928 620 990 Per
642 928 769 1007 quinque
791 935 821 991 et
848 928 1038 1007 quadraginta
1064 949 1210 993 annerum

158 1014 340 1094 obsequium,
361 1032 416 1093 per
437 1012 589 1091 collegium
612 1013 795 1087 consulatus,
817 1013 963 1092 quomam
987 1013 1053 1075 diro
1066 1015 1208 1096 Angusto,

156 1099 269 1181 parenti
291 1108 353 1171 tun,
375 1097 517 1177 probatus
539 1104 569 1157 ct
589 1097 642 1158 tibi
663 1098 774 1159 amicus
797 1116 852 1159 nec
873 1098 1027 1177 quicquam
1048 1109 1117 1179 post
1138 1101 1211 1163 haec

156 1192 313 1265 rogaturus
330 1182 453 1244 salutem
468 1180 592 1243 infelicis
607 1182 659 1242 filii
673 1200 757 1260 rogo.
785 1180 829 1243 lle
843 1182 977 1245 Plancina
999 1183 1072 1245 nihil
1086 1185 1207 1247 addidit.
1220 1198 1249 1249 tn

108 1271 230 1332 17Post
255 1264 329 1346 quae
357 1266 492 1328 Tiberius
521 1265 736 1327 adulescentem
771 1266 892 1328 crimine
919 1266 1011 1330 civilis
1038 1268 1106 1331 belli
1133 1291 1207 1350 pm·-

85 1386 90 1394 -
157 1353 234 1433 gavit
260 1350 363 1430 (patris
391 1350 499 1430 quippe
527 1350 625 1421 iussa,
659 1369 714 1412 nec
740 1351 875 1429 potuisse
906 1352 996 1414 lilium
1024 1353 1209 1433 detrectare),

63 1488 65 1493 .
157 1437 244 1499 simul
265 1435 445 1497 nobilitatam
468 1436 590 1508 domus,
619 1435 705 1496 etiam
735 1435 830 1514 ipsius
858 1438 1088 1517 quoquomodo
1110 1442 1209 1502 meriti

156 1540 272 1603 gravem
294 1539 395 1582 casum
416 1520 583 1581 miseratus.
615 1520 672 1580 Pro
694 1519 831 1582 Plancina
853 1540 917 1583 cum
938 1521 1051 1602 pudore
1073 1531 1103 1583 et
1122 1524 1208 1603 dagi-

154 1607 195 1668 tio
218 1604 368 1678 disseruit,
390 1604 492 1666 matris
513 1623 616 1685 preces
638 1604 812 1678 obtendens,
834 1606 865 1666 in
887 1625 972 1686 quam
988 1608 1090 1685 optimi
1105 1609 1249 1672 cuius-15

153 1710 211 1771 que
239 1689 345 1751 secreti
373 1698 495 1769 questus
523 1689 616 1768 magis
645 1690 847 1752 ardescebant.
896 1692 929 1752 ld
958 1709 1027 1770 ergo
1050 1692 1093 1754 las
1115 1694 1206 1768 aviae,

154 1775 379 1838 interfectricem
401 1776 518 1854 nepotis
532 1775 666 1854 aspicere
681 1775 808 1854 adloqui,
832 1775 945 1854 eripere
960 1777 1084 1838 senatui.
1119 1778 1206 1851 Quod

153 1879 208 1942 pro
237 1859 374 1922 omnibns
403 1858 513 1921 civibus
542 1860 622 1939 leges
658 1859 826 1933 obtineant,
863 1859 913 1921 uni
943 1862 1116 1923 Germanico
1146 1882 1206 1926 non

152 1946 323 2025 contigisse.
375 1944 479 2005 Vitellii
509 1953 538 2005 et
559 1943 674 2005 Veranii
702 1964 774 2006 vnce
802 1944 938 2006 defletum
967 1946 1137 2021 Caesarem,
1172 1949 1220 2010 ab.

152 2031 330 2109 imperatore
353 2036 381 2090 et
402 2030 530 2107 Augusta
554 2028 704 2090 delensam
726 2030 902 2091 Plancinam.
946 2030 1074 2093 Proinde
1095 2044 1245 2096 venenato

154 2125 184 2177 et
212 2123 289 2176 artes
317 2122 375 2175 tam
405 2113 527 2175 feliciter
556 2122 690 2192 expertas
725 2121 853 2176 verteret
882 2113 912 2174 in
942 2115 1145 2196 Agrippinam,
1177 2118 1207 2181 in

153 2199 263 2262 liberos
286 2199 349 2259 eius
372 2199 575 2276 egregiamque
605 2199 696 2259 aviam
725 2218 758 2262 ac
778 2208 914 2279 patruum
937 2201 1079 2279 sanguine
1099 2203 1205 2266 miser*-

154 2283 245 2344 rimae
267 2283 371 2343 domus
394 2281 559 2354 exsatiaret.
608 2282 733 2344 Biduum
752 2302 851 2362 ¹super
879 2284 933 2345 hac
954 2285 1079 2364 imagine
1101 2288 1203 2368 cogni·

153 2367 243 2428 nouis
272 2366 472 2444 absumptum,
505 2372 627 2445 urgente
649 2368 767 2430 'liberio
795 2367 905 2430 liberos
932 2368 1050 2432 Pisonis
1083 2382 1206 2435 matrem

152 2451 195 2512 uti
222 2458 383 2512 tuerentur.
426 2451 463 2513 llt
490 2470 554 2512 cum
583 2459 766 2514 accusatores
795 2462 947 2515 antestes
976 2458 1105 2519 certatim
1132 2467 1244 2536 per-25

153 2543 272 2597 orarent
292 2535 489 2614 respondente
510 2537 601 2610 nullo,
625 2537 773 2599 miseratio
797 2557 882 2617 quam
905 2539 1013 2603 invidia
1035 2541 1201 2619 augebatur.

152 2620 266 2681 Primus
295 2621 468 2683 seutentiam
496 2631 616 2701 rogatus
646 2622 780 2684 Aurelius
803 2623 887 2687 Cotta
915 2628 1017 2689 consul
1046 2631 1124 2706 (nam
1151 2645 1203 2688 re·

150 2707 262 2768 terente
289 2704 411 2766 Caesare
440 2707 626 2787 magistratus
661 2727 696 2768 eo
732 2709 819 2771 etiam
847 2730 969 2773 munere
998 2712 1203 2791 fungebantur)

182 2893 205 2941 7.
223 2890 273 2940 Per
286 2917 320 2926 -
333 2907 389 2957 per,
411 2891 473 2951 ‘bei',
494 2894 601 2956 gchdren
620 2910 651 2943 zu
703 2894 862 2961 Comparativ
872 2895 940 2957 liegt.
961 2895 1007 2946 vils
1022 2897 1057 2947 ist
1068 2897 1142 2954 nicht,
1154 2896 1203 2947 wic

147 2972 222 3020 rogo.
257 2956 314 3006 Piso
332 2974 388 3008 war
405 2960 496 3019 Consul
516 2962 561 3012 mit
577 2959 653 3011 Tibe·
701 2970 777 3018 sonst,
796 2965 886 3026 potius
903 2962 1115 3015 lrinzuzudeulren.
1145 2963 1205 3015 ‘llas

147 3024 200 3074 rius
218 3026 267 3074 lv.
277 3023 321 3075 Cla.
359 3026 405 3078 Dic
422 3031 454 3081 45
468 3028 544 3081 Jalre
568 3029 652 3079 seiner
701 3029 798 3080 Mitleid
808 3029 895 3078 wurde
909 3031 1011 3091 grdsser
1021 3031 1058 3082 als
1071 3033 1117 3083 der
1123 3033 1203 3083 llass'.

149 3091 650 3159 llingebungtandasregierendellausl
735 3098 774 3146 21.
792 3095 918 3145 Aurelius
936 3095 1018 3147 Cotto.
1056 3099 1082 3150 S.
1103 3117 1125 3149 e.
1144 3103 1168 3152 2.

148 3158 215 3209 zaihlt
237 3175 266 3210 er
291 3178 337 3212 von
362 3165 454 3215 seinem
478 3165 582 3215 Eintritt
610 3165 649 3213 ins
733 3164 772 3214 28.
792 3178 820 3212 oc
840 3165 918 3213 otium
930 3179 1046 3227 munero,
1064 3168 1206 3219 oulBelra-

149 3226 313 3280 Stantslelren.
589 3276 595 3288 ,
698 3244 744 3292 gea
763 3229 1091 3293 ihraStimmealrzugelren.
1118 3234 1204 3286 Wenn

181 3289 380 3352 17.12.iusso.
416 3300 442 3350 S.
462 3315 493 3349 zu
510 3297 541 3348 ll.
554 3300 595 3350 31.
698 3296 768 3345 einer
792 3296 837 3347 der
860 3298 924 3348 dazu
948 3298 1064 3360 belugten
1083 3300 1203 3353 Beutnten

181 3365 220 3415 23.
232 3365 282 3415 ltuo
291 3369 406 3433 imagine
415 3382 490 3432 cogn.
501 3361 644 3415 oenntTae.
697 3363 815 3414 referirte
838 3365 969 3423 (Consnln,
996 3366 1199 3428 Vollrstribuuen,

147 3430 647 3497 dieVerheodlunguberPlanciuu,weil
698 3431 747 3481 und
774 3446 847 3482 wenn
871 3434 911 3483 die
936 3442 1032 3484 erstero
1057 3437 1204 3490 verhindart

147 3499 394 3565 die.Entselreidung
420 3500 481 3551 tiber
508 3498 545 3547 sie
571 3499 646 3547 sciron
696 3513 796 3557 waren,
817 3500 1097 3569 Prdtorenl,lhelrugte
1116 3521 1145 3555 er
1163 3507 1203 3558 dic

146 3567 222 3616 durch
240 3569 280 3619 dic
299 3570 366 3621 Rcde
384 3568 427 3617 des
440 3564 555 3615 Tiberius
573 3581 647 3629 gege-
698 3567 816 3619 Beamteo
834 3569 873 3619 die
892 3569 924 3619 im
937 3570 1016 3622 Senat
1032 3588 1119 3624 waren
1137 3580 1202 3637 (vom

145 3632 193 3683 lacn
210 3652 272 3696 war,
299 3653 345 3687 von
365 3635 451 3683 dessen
471 3632 584 3682 Wunsclr
603 3633 648 3683 der
698 3634 808 3701 Quistor
820 3638 951 3698 anl'wairts)
965 3639 1045 3698 nicht;
1066 3641 1135 3693 diesc
1148 3645 1201 3694 laat-

145 3701 275 3754 Beschluss
293 3705 336 3752 dos
350 3700 438 3750 Senats
456 3715 502 3750 nur
519 3699 564 3749 der
573 3699 647 3752 Wie·
697 3712 737 3753 ten
756 3705 817 3754 aber
834 3706 878 3755 das
897 3706 976 3757 Reclrt
1000 3725 1031 3758 zu
1052 3711 1128 3775 jeder
1144 3711 1200 3762 Zcit

145 3770 240 3821 derhall
257 3769 310 3820 sein
328 3767 427 3817 tonnae.
697 3787 742 3820 von
767 3771 845 3822 selbst
868 3774 913 3824 das
931 3774 1010 3828 Wnrt
1033 3793 1064 3827 zu
1087 3779 1196 3836 nahmen,

178 3840 218 3889 26.
236 3851 315 3902 quam
325 3835 365 3885 hei
378 3836 531 3900 augebatur,
540 3835 590 3886 wie
604 3836 645 3887 bei
695 3841 814 3889 wahrend
831 3840 871 3890 die
881 3842 984 3906 fibrigeo
995 3846 1131 3897 Senatorcn
1146 3847 1198 3896 dies

143 3905 236 3966 cnolle,
259 3902 319 3953 weil
342 3903 365 3953 in
390 3903 478 3954 beiden
496 3903 586 3955 Verbis
604 3905 645 3955 ein
696 3922 743 3957 nur
766 3907 879 3968 dorileu,
907 3928 979 3962 wenn
1009 3915 1055 3964 der
1080 3915 1198 3965 llolerent
