2550 4350
86 267 256 332 ,canan
310 266 351 317 aa
369 265 522 318 nxcassu
539 235 606 320 invr
625 266 765 319 nucusrr
782 266 825 320 vr.
845 269 886 321 aa.
898 269 940 321 aa.-
954 271 995 321 ro.
1086 256 1147 321 313

88 432 154 485 tura
176 424 311 493 iunctus,
341 420 405 499 lege
428 422 529 482 eadem
551 430 713 499 extremum
736 423 771 484 ad
795 422 970 501 supplicium
992 423 1147 485 damnatus
1207 476 1209 479 ,

88 517 144 569 cst.
178 505 238 566 Nec
258 505 392 585 dispares
409 506 584 567 Trebelliani
600 507 665 568 Rufi
688 514 717 567 ct
739 506 829 569 Sextii
851 508 1009 568 Paconiani
1031 509 1199 574 exitus:39

88 610 158 652 nam
180 590 379 652 Trebellianus
411 610 463 652 sua
493 609 580 652 manu
609 591 727 665 cecidit,
760 593 942 653 Paconianus
972 593 1002 653 in
1029 611 1148 654 carcere

91 676 128 737 ob
151 676 278 737 carmina
299 675 357 736 illic
379 674 416 734 in
431 675 594 755 principem
615 677 742 737 factitata
763 677 960 755 strangulatus
977 685 1032 737 est.
1068 677 1147 739 Haec
1202 702 1205 707 ·

27 759 227 842 sa'liberius
250 778 309 821 non
333 763 422 832 mari,
453 769 485 820 ut
512 761 598 834 olim,
632 761 743 822 divisus
770 781 866 841 neque
894 781 947 840 per
968 762 1146 841 longinquos

90 845 210 906 nuntios
233 845 402 924 accipiebat,
426 846 479 906 sed
501 846 604 907 urbem
622 845 710 917 iuxta,
733 847 838 911 eodem
860 854 892 906 ut
915 846 961 907 die
983 848 1028 907 vel
1050 847 1146 913 noctis

88 929 243 991 interiectu
270 929 376 990 litteris
405 929 558 990 consulum
588 931 777 1005 rescriberet,
808 931 890 1010 quasi
920 931 1065 1010 aspiciens
1088 951 1145 999 un-

89 1016 205 1077 dantem
228 1033 282 1093 per
305 1015 410 1074 domos
433 1015 605 1092 sanguinem
628 1024 678 1076 aut
699 1035 802 1077 manus
826 1016 1003 1078 carnificum.

173 1102 245 1160 Fine
265 1099 335 1159 anni
351 1099 505 1179 Poppaeus
521 1100 647 1162 Sabinus
671 1102 820 1176 concessit
834 1102 902 1170 vita,
926 1102 1058 1163 modicus
1082 1103 1145 1163 ori·
1205 1115 1208 1125 “

49 1197 79 1247 to
90 1186 182 1266 ginis,
219 1184 384 1264 principum
419 1185 544 1246 amicitia
579 1184 761 1246 consulatum
792 1205 826 1246 ac
853 1186 1027 1265 triumphale
1056 1187 1146 1248 decus

88 1273 212 1351 adeptus
241 1269 434 1347 maximisque
456 1269 615 1348 provinciis
646 1289 699 1349 prr
721 1280 858 1350 quattuor
880 1280 907 1332 et
929 1272 1030 1350 viginti
1053 1290 1146 1333 annos
1195 1280 1200 1288 ’

87 1355 251 1436 inposituS,
281 1354 389 1414 nullam
412 1354 449 1414 ob
473 1355 608 1417 eximiam
630 1363 738 1428 artem,
768 1357 821 1416 sed
844 1357 921 1435 quod
944 1374 998 1433 par
1018 1356 1147 1435 negotiis
1236 1373 1238 1377 ·

88 1460 183 1521 neque
207 1457 296 1517 supra
319 1446 390 1498 crat.

172 1525 300 1598 Quintus
323 1523 452 1583 Plautius
476 1522 542 1583 Sex.
560 1523 698 1601 Papinius
721 1524 859 1584 consules
884 1535 1057 1604 sequuntur.
1102 1525 1145 1585 Eo
1158 1528 1200 1589 40

49 1621 78 1671 15
90 1628 167 1671 anno
189 1628 285 1688 neque
308 1608 386 1686 quod
409 1608 442 1668 b.
457 1607 598 1668 brusatus
623 1653 680 1667 ...
704 1618 798 1669 morte
821 1610 926 1670 adlecti
949 1612 1062 1682 forent,
1092 1611 1148 1672 ada

90 1695 245 1755 suetudine
266 1694 410 1754 malorum
433 1701 466 1753 ut
487 1701 571 1753 atron
592 1693 807 1764 advertebatur,
830 1695 882 1754 sed
906 1694 1048 1754 exterruit
1068 1694 1148 1772 quod

87 1779 248 1839 Vibulenus
269 1779 405 1858 Agrippa,
430 1796 520 1855 eques
541 1777 700 1850 Romanus,
724 1795 789 1838 cum
811 1786 1002 1856 perorassent
1024 1795 1152 1841 accusa-¹
1221 1782 1222 1786 ’
1259 1829 1264 1842 .

87 2013 159 2064 clem.
179 2012 198 2063 l.
216 2016 258 2065 15:
289 2012 413 2077 Tarium,
441 2016 488 2078 qui
509 2013 595 2075 filium
644 2006 690 2060 καὶ
713 2009 827 2076 προσέτι
848 2008 893 2061 καὶ
914 2012 965 2072 Ιτῆς
981 2008 1153 2070 Μακεδονίας

87 2082 169 2142 (einen
197 2083 316 2139 anderen)
346 2081 536 2146 deprehensum
562 2080 595 2130 'in
646 2075 672 2132 ἐς
689 2073 773 2129 ἐκεῖνο
792 2080 840 2129 τοῦ
853 2074 958 2147 χρόνον
970 2075 1045 2146 παρὰ
1057 2080 1151 2129 πᾶσαν

85 2150 235 2215 parricidio
253 2150 336 2200 escilio
361 2149 500 2200 damnauit
523 2166 547 2199 u.
568 2149 593 2199 d.
647 2142 683 2202 ὥς
700 2142 784 2198 εἰπεῖν
802 2143 851 2210 τὴν
864 2148 911 2197 τοῦ
923 2146 1047 2215 Τιβερίου
1065 2143 1099 2217 ἀρ
1120 2145 1153 2209 ὴν

87 2217 157 2281 Folg.
387 2236 389 2241 ¹
647 2211 837 2283 ἡγεμονεύσας,
868 2209 966 2277 ἥδιστα
983 2232 1092 2281 προαπη
1124 2212 1153 2266 οἱ·

121 2287 144 2337 2.
163 2291 201 2336 cat
224 2285 286 2336 fehlt
309 2285 333 2335 in
352 2285 397 2335 der
415 2285 475 2334 Hds.
523 2284 594 2336 Danu
646 2294 692 2351 γη,
710 2282 777 2351 πρίν
794 2301 855 2334 τινα
870 2278 962 2334 αἰτίαν
973 2283 1072 2350 λαβεῖν.
1097 2280 1154 2335 Καὶ

86 2354 175 2404 winde
201 2369 257 2407 man
281 2354 343 2402 aucb
370 2353 424 2402 bier
447 2356 499 2403 uim
524 2356 594 2404 vitae
645 2347 729 2402 αὐτὸν
753 2348 767 2402 ὃ
789 2348 928 2418 ‘Pq'yoolor
954 2360 984 2410 ts.
1006 2370 1036 2403 zu
1054 2352 1096 2403 Vt.
1111 2355 1152 2416 11)

84 2437 151 2471 suae
176 2422 268 2471 attulit
301 2421 481 2481 biuzudcnlren.
527 2422 595 2473 Aber
644 2417 689 2471 int
701 2423 758 2474 τοῖς
770 2416 861 2476 αὐτοῖς
872 2417 1023 2478 διεδέξατο·
1041 2418 1087 2471 καὶ
1098 2417 1152 2491 γὰρ

88 2491 148 2539 nacb
163 2490 288 2551 galilltem
300 2489 396 2540 Urtbeil
408 2491 476 2539 batte
488 2506 517 2540 er
529 2491 595 2540 nicbt
646 2484 850 2550 ἧΜακεδονία,
877 2484 912 2543 ὡς
935 2487 965 2539 di
982 2488 1051 2544 τινές
1069 2504 1151 2557 φασι,

89 2558 129 2606 dic
148 2556 308 2619 Miglicblcit
325 2557 377 2607 sicb
396 2557 475 2607 selbst
492 2574 523 2608 zu
540 2558 595 2607 tou·
644 2553 689 2607 καὶ
707 2552 721 2616 ἡ
738 2550 838 2624 Ἀχαΐα,
857 2550 990 2623 ἀκληρωτὶ
1002 2553 1153 2625 προσετασ-

88 2632 140 2680 ten,
152 2640 223 2673 wcnu
235 2626 301 2676 nicbt
314 2635 380 2675 etwa
394 2625 426 2674 im
441 2625 525 2681 Senot,
540 2641 594 2675 was
646 2639 737 2681 σοντο.
783 2624 834 2673 Das
853 2623 984 2674 Genauerc
1002 2625 1065 2674 tiber
1083 2624 1152 2674 seina

87 2691 151 2742 Tac.
182 2693 354 2743 ausdrricldicb
385 2695 501 2743 erwibnt
526 2695 594 2743 batte
646 2691 784 2741 Provinzen
803 2708 833 2740 zu
853 2691 946 2742 rv.4r.

88 2765 120 2821 (s.
140 2762 227 2819 c.40l;
252 2762 301 2811 uad
320 2763 365 2811 dua
383 2761 509 2823 Fulgende
526 2769 596 2825 passt
678 2754 726 2814 40.
753 2762 790 2809 14.
811 2758 839 2821 Q.
858 2758 979 2807 Plautius
1009 2758 1042 2806 ist
1071 2759 1153 2808 wabr-

88 2844 136 2878 nur
159 2844 232 2878 wenu
255 2845 284 2881 er
307 2828 401 2880 ¹ebenso
420 2829 470 2879 wie
489 2827 596 2879 Sentius
646 2825 779 2877 scheinlicb
798 2827 837 2876 eiu
851 2826 948 2876 Brudcr
966 2826 1013 2875 dcr
1026 2824 1110 2876 tvai
1127 2841 1151 2874 ιι.

88 2897 256 2947 Paconianus
275 2898 439 2960 bingericbtet
456 2898 553 2946 wurde.
645 2895 714 2946 Xlll.
728 2896 759 2944 32
778 2902 916 2957 genannteu
935 2893 1056 2943 Plautius
1068 2892 1154 2943 Silao-

121 2958 168 3022 39.
194 2968 216 3017 2.
240 2964 397 3016 Trebelliani
412 2964 480 3026 Rufi.
518 2965 543 3016 S.
565 2982 595 3015 zu
646 2980 696 3014 nur
715 2963 763 3012 und
781 2963 812 3012 A.
831 2963 959 3012 Plautius.
995 2962 1076 3011 Ueber
1091 2960 1153 3011 Seu.

88 3032 172 3083 lton
211 3034 416 3084 UeberSeactiue
428 3034 596 3084 Paconianus
646 3033 774 3098 Papinius
793 3031 848 3081 eine
861 3031 955 3080 lnscbr.
974 3030 998 3080 b.
1009 3030 1080 3080 Grut.
1093 3033 1151 3087 tlt,
1212 3080 1215 3087 ,

88 3100 132 3150 vt.
147 3103 170 3152 3.
647 3104 691 3163 9ερ
708 3099 767 3150 Sea.
787 3099 914 3164 Papinio,
934 3098 962 3162 Q.
980 3100 1015 3162 fi,
1038 3098 1154 3162 Alianio,

122 3171 144 3217 5.
163 3169 282 3232 aialim,
300 3170 421 3219 wibread
439 3183 468 3218 cr
486 3169 533 3218 aul
550 3168 597 3219 Ca·
647 3167 767 3235 trtibnno)
785 3168 921 3226 miltitarul.
943 3167 1098 3232 qtuaestori),
1121 3163 1156 3215 Ιο-

88 3238 148 3301 prcai
167 3251 231 3286 urar.
645 3242 718 3301 gluto
736 3236 852 3299 legionis}
879 3234 916 3284 Ti.
937 3235 1154 3298 CaesariaAug„

123 3307 146 3355 7.
165 3304 261 3354 litteris
280 3304 426 3367 connitum,
443 3303 539 3354 welche
560 3304 597 3354 als
648 3305 768 3362 trtibunot
784 3303 901 3368 pltebis),
928 3303 1076 3367 patraturi),
1104 3302 1155 3366 lag.
1246 3318 1259 3359 ,ο

89 3370 129 3420 die
154 3371 317 3422 Prisidenten
346 3374 389 3421 des
414 3372 505 3422 Senats
536 3371 598 3422 tiber
651 3370 688 3421 Ti.
710 3370 830 3421 Caesaris
847 3372 916 3435 Aug.
934 3387 984 3436 pro
1001 3375 1152 3436 prtaetore),

90 3438 130 3486 die
148 3454 194 3487 vor
219 3440 311 3490 diesem
338 3439 517 3490 verbandelteu
537 3440 598 3489 Pro·
648 3456 714 3501 coa,
730 3439 859 3501 XVoirto)
876 3439 979 3500 coortis)
996 3437 1154 3501 factiundis).

89 3519 162 3554 cesse
180 3522 209 3554 zu
228 3507 356 3557 bericbt'eu
375 3510 468 3558 battco.
648 3506 705 3568 Vgl.
726 3523 757 3556 zu
776 3523 796 3555 c.
808 3508 850 3558 49.

125 3572 270 3623 undantem
276 3590 327 3639 per
338 3575 428 3626 άοαιοι
440 3577 597 3640 sanguinem
685 3577 722 3626 15.
741 3572 771 3623 L.
789 3574 925 3624 Aruseius.
952 3574 1074 3624 Hiernacb
1095 3569 1157 3622 lcblt

92 3639 150 3698 geht
178 3641 224 3688 aui
247 3641 287 3691 die
317 3644 411 3694 welche
441 3645 492 3693 sicb
511 3642 599 3695 ¹selbot
647 3658 702 3693 was
721 3642 768 3691 ibm
787 3641 957 3698 wiederlubr,
990 3642 1053 3691 daun
1080 3639 1156 3700 lolgte

92 3707 212 3756 tcidteten.
648 3712 746 3761 wieder
761 3723 845 3773 neque
856 3710 928 3772 quod
945 3711 992 3759 und
1011 3709 1050 3758 die
1062 3705 1157 3756 Namen

125 3778 148 3827 9.
181 3775 320 3840 Poppaeus
348 3777 469 3828 Sabinus.
514 3779 539 3828 S.
567 3795 597 3828 zu
649 3780 695 3829 dcr
721 3778 879 3828 Getbdtcten.
927 3776 1010 3827 chn
1029 3777 1158 3826 Aruseiuc

91 3843 161 3895 [80.
193 3842 599 3901 DioLVlll.2bHonnniorZu-
649 3848 695 3897 der
712 3846 784 3896 Vbi
813 3842 941 3893 erwaibnte
966 3844 1010 3900 ist,
1039 3861 1066 3893 so
1091 3857 1158 3893 nruss

86 3915 179 3979 βῑνος,
211 3912 259 3973 τῆς
287 3928 314 3964 τε
336 3912 443 3969 Μυσίας
472 3911 598 3983 ἑκατέρας
649 3915 698 3965 ibm
716 3923 798 3965 etwas
811 3909 944 3971 Giinstipes
955 3912 1077 3972 gescbebn
1093 3911 1157 3961 sein.
