2550 4350
117 264 157 327 16
502 272 647 326 cotthtt
662 272 773 327 'l'Acl't'l
1052 275 1115 340 (ιι.
1124 281 1172 324 ιιι

116 430 294 505 linebantur‚
316 438 456 509 quantum
478 429 582 492 civium
605 428 808 508 sociorumque
829 427 976 501 inarmis,
998 427 1077 505 quod
1092 427 1171 490 das-

117 535 167 578 ses
189 533 278 594 rcgua
300 513 479 593 provinciae,
501 514 609 577 tributa
632 520 681 587 aut
700 513 848 593 vectigalia
870 521 900 575 et
921 512 1113 583 necessitates
1135 531 1170 575 ec

116 600 300 680 largitiones.
353 599 436 672 Quae
466 609 568 662 cuncta
591 619 643 661 sua
671 615 757 660 manu
784 599 1000 679 perscripserat
1020 596 1172 675 Augustus
1206 626 1212 640 ·

116 685 323 764 addideratque
346 684 502 746 consilium
525 684 678 747 coercendi
700 682 775 745 intra
797 685 945 745 terminos·
960 683 1092 761 imperii,
1120 682 1172 745 in·

67 774 227 834 licentum
249 777 330 831 metu
351 788 387 830 an
409 787 463 848 per
483 769 631 832 invidiam.
673 769 752 830 Inter
773 787 846 849 quae
869 776 973 830 senatu
995 768 1031 830 ad
1053 767 1198 832 infimast

117 853 329 917 obtestationes
350 854 562 933 procumbente
584 854 656 916 dixit
676 854 750 915 torte
766 853 902 916 Tiberius
925 872 958 916 se
978 861 1012 915 ut
1032 870 1094 912 non
1116 854 1173 916 toti
1183 854 1188 875 ³

114 940 159 1002 rei
191 939 325 1019 publicae
351 957 468 1018 parem,
500 939 539 1000 ita
566 939 762 1018 quaecumque
789 957 860 1019 pars
889 937 946 999 sibi
974 938 1173 1013 mandaretur,

115 1024 178 1087 cius
209 1023 329 1086 tutelam
363 1032 577 1103 suscepturum.
633 1024 705 1086 Tum
733 1023 850 1086 Asinius
879 1023 977 1085 Gallus
1004 1024 1170 1101 Interrogo,

116 1109 226 1190 inquit,
249 1107 371 1181 Caesar,
399 1126 484 1187 quam
506 1117 618 1187 partem
640 1108 682 1169 rei
703 1108 836 1188 publicae
857 1107 987 1170 mandari
1009 1107 1061 1169 tibi
1084 1107 1170 1168 velis.

114 1193 272 1255 Perculsus
294 1192 444 1272 inprovisa
467 1193 695 1271 interrogatione
714 1193 832 1273 paulum
854 1193 985 1256 reticuit:
1014 1192 1081 1254 dein
1104 1193 1168 1253 col·
1181 1202 1211 1255 tt

114 1279 189 1341 lecto
212 1278 311 1339 animo
332 1276 486 1357 respondit
508 1297 688 1358 nequaquam
708 1279 847 1341 decorum
868 1277 974 1358 pudori
997 1296 1050 1340 suo
1075 1277 1172 1354 legere

115 1362 218 1442 aliquit
245 1371 296 1423 aut
322 1361 430 1424 evitare
457 1381 493 1423 ex
521 1381 556 1423 eo
580 1363 624 1425 cui
651 1363 681 1424 in
708 1365 877 1425 universum
899 1363 1032 1424 excusari
1058 1361 1171 1424 mallet.

115 1448 243 1509 Rursum
267 1446 364 1508 Gallus
386 1448 507 1526 (etenim
533 1446 614 1509 vultu
637 1448 830 1509 offensionem
859 1447 1082 1523 coniectaverat)
1110 1465 1171 1508 non

115 1532 224 1595 ideirco
247 1532 458 1612 interrogatum
481 1532 521 1593 ait
542 1540 574 1594 ut
596 1531 735 1594 divideret
756 1552 831 1612 quae
852 1532 982 1612 separari
1005 1531 1171 1612 nequirent,

55 1610 59 1620 '
115 1617 167 1679 sed
197 1624 228 1678 ut
255 1635 307 1678 sua
337 1616 524 1679 confessione
552 1626 722 1696 argueretur
748 1637 837 1680 unum
867 1637 936 1679 csse
962 1617 1007 1678 rei
1034 1617 1169 1697 publicae
1181 1627 1209 1679 to

115 1720 223 1782 corpus
240 1711 333 1784 atquc
354 1703 442 1764 unius
464 1702 561 1783 animo
583 1703 752 1781 regendum.
787 1703 906 1765 Addidit
925 1703 1041 1764 laudem
1055 1702 1094 1763 dc
1108 1702 1171 1764 Au-

15 1848 20 1858 ,
114 1796 201 1867 gusto
216 1786 424 1867 'liberiumque
445 1787 542 1885 ipsum
564 1787 749 1871 victpriarum
771 1807 890 1850 suarum
906 1807 1038 1884 quaeque
1058 1787 1089 1849 in
1104 1796 1172 1884 toga

113 1891 168 1952 per
188 1879 235 1935 tot
254 1890 350 1934 annos
372 1873 488 1952 egregie
510 1873 640 1935 lecisset
648 1873 809 1936 admonuit
842 1873 902 1935 Nec
921 1873 1017 1935 ideo
1008 1891 1082 1934 rram
1104 1872 1170 1933 eius

110 1957 221 2033 leniuit,
244 1957 387 2038 pridem
379 1957 503 2032 invisus,
531 1966 676 2038 tamquam
700 1959 835 2020 ductam
857 1957 1075 2019 matrimonium
1098 1957 1211 2036 Vip-

112 2043 210 2116 sania,
238 2043 436 2123 ll.Agrippac
456 2043 531 2116 filia,
559 2062 632 2123 quae
659 2043 804 2122 quondam
826 2042 937 2104 'liberii
963 2061 1038 2103 uxor
1065 2008 1211 2117 lucruttd

112 2128 294 2215 plusquam
309 2127 401 2189 civilia
429 2128 551 2206 agitaret
570 2127 769 2207 Pollionisque
789 2126 882 2188 Asinii
909 2128 1002 2207 patris
1030 2127 1170 2190 ferociam

64 2213 264 2277 taQretineret
290 2208 380 2272 Post
402 2230 475 2289 quac
496 2211 529 2272 L
545 2211 699 2272 Arruntius
720 2212 792 2273 haut
812 2212 935 2274 multum
960 2202 1131 2293 discrepans
1153 2232 1171 2275 a

111 2297 186 2357 Galli
211 2295 343 2357 oratione
364 2294 487 2375 perinde
510 2295 646 2368 offendit,
677 2315 850 2375 quamquam
873 2296 993 2360 'liberio
1015 2298 1093 2365 nulla
1116 2317 1179 2360 re·

112 2388 160 2442 tus
183 2381 212 2441 in
234 2380 431 2442 Arruntium
423 2399 483 2455 rra3
513 2379 565 2441 sed
586 2343 717 2456 divitem,
739 2390 925 2462 promptum,
948 2382 1059 2446 artibus
1082 2401 1170 2463 egre-

112 2579 189 2631 quem
205 2565 284 2616 vellet
299 2563 384 2614 incidi
399 2563 525 2616 in’aeaeds
543 2567 616 2617 tadu·
665 2580 720 2616 was
738 2565 807 2617 Suet.
827 2565 884 2618 l'ib.
898 2569 931 2620 24
947 2568 1078 2629 herichtet,
1103 2569 1173 2621 nicht

112 2633 146 2684 lis
162 2649 231 2700 qaae
253 2637 315 2683 anto
331 2631 495 2685 Mausoleum
519 2639 615 2685 stante-
666 2634 870 2698 ausgesclrlosseo
889 2636 930 2687 ist.

111 2709 221 2765 reatum
251 2703 328 2752 tertio
353 2703 512 2752 braciarium
535 2705 616 2754 totius
701 2704 739 2755 tt.
758 2706 844 2754 cui-
859 2708 983 2756 commori
998 2705 1097 2770 mallet,
1115 2705 1176 2757 eine

110 2773 224 2854 imperii,
243 2774 371 2836 quantam
387 2771 500 2824 militiam
517 2772 564 2821 sord
581 2775 616 2822 oi-
665 2770 760 2823 seltcoe
778 2771 960 2824 Construction.
991 2773 1054 2823 Plio
1069 2788 1126 2838 pou.
1137 2777 1173 2827 67

109 2842 173 2905 gaas
194 2841 292 2904 utique
308 2843 403 2903 essent,
428 2844 555 2905 quantum
570 2855 615 2906 pc-
665 2841 720 2890 iam
737 2846 878 2892 accusatus
895 2843 1054 2891 lenonum.

113 2910 208 2958 manico
224 2910 253 2956 ira
271 2909 376 2957 ceramo
394 2912 421 2956 ct
435 2907 506 2968 fison
532 2913 558 2957 et
573 2923 614 2957 uo-
701 2909 739 2958 16.
765 2907 803 2958 lla
827 2909 886 2958 Ιαιιι
910 2906 1015 2957 lobeode
1031 2905 1101 2955 liade
1125 2907 1171 2967 ist,

54 3006 56 3013 ·
113 2975 291 3052 ctr'goliorom
297 2973 416 3023 residuis
437 2974 614 3024 Vomzweiten
665 2973 731 3023 knoo
756 2973 892 3036 cliensogut
914 2974 946 3022 de
968 2973 1014 3022 mit
1036 2972 1091 3022 dem
1108 2973 1167 3025 Abl.

110 3042 167 3092 sind
184 3039 291 3091 llcste
283 3055 316 3089 rm
333 3039 515 3091 Monumentum
533 3041 615 3119 Anncy-
666 3040 828 3105 daungesetzt
843 3039 954 3098 werdon,
976 3039 1169 3094 wiezuorata'o

111 3124 198 3161 renum
222 3107 348 3164 erheltcn3
376 3107 420 3156 mit
443 3108 498 3157 dem
521 3106 614 3157 dritten
665 3105 715 3155 und
732 3122 825 3157 semo
920 3133 923 3140 ·

111 3177 145 3227 ist
162 3176 228 3226 nicht
245 3191 277 3225 zu
288 3173 458 3225 verwcclrsclo
472 3175 517 3225 des
531 3172 1169 3255 ratio-19.Vipaoniqllrelluttcrwsrdic

111 3247 218 3295 nomam
241 3242 291 3293 und
308 3242 349 3292 dio
366 3244 512 3293 ratiooes
500 3245 613 3308 emporii,
663 3238 773 3292 Tochter
790 3242 833 3292 des
851 3244 912 3293 roim.
932 3242 1075 3294 llittersT.
1095 3244 1169 3297 Pom-

112 3312 151 3363 die
170 3311 239 3362 Suet
260 3313 323 3391 Aug.
345 3311 377 3363 28
401 3326 424 3360 u
446 3309 499 3362 Gal.
521 3312 551 3363 16
574 3325 613 3361 cr·
662 3308 750 3374 ponius
767 3311 878 3370 Atticus,
906 3311 949 3362 des
967 3311 1094 3363 l'rcuodcs
1118 3329 1197 3369 von,

110 3379 207 3431 wihnt:
236 3394 286 3428 uuo
300 3379 361 3443 jone
379 3376 474 3429 Stellcn
501 3378 549 3428 uod
566 3378 613 3429 nio
664 3375 761 3428 Cicero
800 3376 856 3429 Tib.
877 3378 1016 3431 entliess'
996 3396 1033 3431 src
1050 3396 1170 3444 gezwuo·

111 3445 204 3500 nixo
228 3445 328 3508 aoigcn,
354 3461 403 3495 von
425 3448 488 3509 Aug
507 3445 548 3496 tet
565 3446 614 3496 sei·
663 3459 718 3508 geu,
745 3445 782 3497 als
800 3461 830 3497 er
846 3448 893 3498 aul
907 3448 950 3498 dos
969 3450 1031 3512 Aug.
1051 3448 1169 3502 Wunsolr

111 3532 166 3567 nem
182 3512 267 3566 Lehcn
289 3512 486 3566 verdffentliclte
503 3513 613 3566 Reclrco·
664 3515 692 3565 ll
707 3529 730 3563 v.
740 3513 784 3565 Gla.
805 3515 893 3567 dcascn
910 3514 1097 3568 Toolrtcrlulia
1114 3519 1168 3570 trel·

111 3581 322 3636 schoneberichte.
661 3582 768 3633 ratlete.
802 3582 922 3651 Vipsania
938 3600 995 3636 war
1010 3584 1115 3637 Mutter
1121 3587 1167 3640 dos

148 3655 168 3704 1.
188 3649 259 3719 quod
275 3649 316 3700 loir
332 3653 401 3714 quot
662 3648 766 3702 Drusus
801 3650 844 3703 lll
866 3654 905 3705 19.
949 3653 991 3704 Sic
1014 3654 1080 3705 wird
1103 3657 1167 3708 auch

146 3723 169 3773 2.
195 3720 293 3771 tributo
326 3716 434 3776 directe,
471 3716 614 3782 oeougatto
665 3707 816 3785 Agrippina
831 3729 939 3784 genennt
954 3721 1075 3773 bciSuet
1084 3720 1165 3776 Ttt.t

112 3788 233 3839 indirecte
250 3786 364 3838 Steucru.
397 3784 452 3848 Vgl.
472 3783 540 3836 Xlll.
552 3788 593 3838 60.
663 3785 776 3837 u.0rell.
786 3785 878 3839 luschr
888 3791 946 3843 668.
955 3790 1029 3842 nour
1039 3793 1095 3849 484,
1108 3793 1167 3858 166,

146 3850 194 3914 12
229 3857 252 3908 6.
272 3856 459 3922 procumbente
487 3853 610 3916 iigdrliclr,
661 3852 725 3904 weil
754 3853 795 3906 ihr
824 3856 904 3908 voller
930 3856 1008 3912 Namc
1034 3831 1167 3925 Vipsania

112 3923 199 3974 womit
220 3924 265 3981 das
272 3869 418 3975 pwirkliolre
433 3919 610 3985 Nicderknien,
662 3920 815 3989 Agrippina
831 3939 895 3977 wer.
