2550 4350
160 278 220 342 tte
296 347 301 363 .
348 326 354 336 .
396 292 398 297 ¹
543 285 821 340 coannmrnctn
1035 260 1039 270 '
1090 291 1216 349 (teau

157 447 319 523 Augustum
342 442 452 503 socios.
485 441 579 502 Etiam
595 450 692 502 vetera
707 440 879 511 oblectabat,
902 455 976 519 quae
991 439 1022 500 iu
1036 440 1218 502 llacedones

155 531 340 609 inprospere,
362 527 506 587 violenter
528 527 557 587 iu
579 544 650 587 suos
670 527 827 607 fecissent,
850 526 981 586 ollensus
1004 525 1070 585 urhi
1092 527 1212 605 propria

157 631 273 693 qnoque
304 612 364 685 ira,
401 610 468 689 quia
499 611 694 690 Theophilum
724 611 869 689 quendam
898 612 974 670 Areo
1004 609 1113 670 iudicio
1146 612 1211 672 l'alsi

158 699 325 760 damnatum
348 695 484 775 precihus
507 696 569 757 suis
591 714 652 756 non
674 696 878 757 concederent.
921 695 1004 754 Exim
1027 695 1213 772 danmatione

158 782 245 844 esleri
266 801 319 861 per
341 781 476 860 Cycladas
499 790 527 842 et
548 781 720 858 compendia
750 780 839 841 maris
861 780 1034 858 adsequitur
1055 779 1243 844 Germani-o

157 886 222 930 oum
244 875 313 945 aput
334 865 459 926 insulem
479 865 625 937 Rhodum,
656 865 731 927 haud
749 865 885 926 nescium
906 864 1013 942 quihus
1036 863 1209 926 insectatio-

86 971 106 996 ’-
156 953 243 1014 nihus
265 952 374 1030 petitus
396 953 486 1011 foret:
518 951 571 1011 sed
595 959 671 1010 tanta
693 949 917 1010 mansuetudine
940 948 1042 1025 agebat
1062 959 1110 1019 ut,
1140 969 1215 1010 cum

159 1047 222 1098 orta
244 1043 404 1114 tempestas
428 1045 543 1112 reperet
565 1036 594 1094 in
616 1035 738 1112 abrupta
760 1043 921 1112 possetque
943 1033 1079 1094 interitus
1099 1034 1211 1096 inimici

157 1122 194 1183 ad
216 1139 314 1182 casum
328 1119 448 1203 tresenti,
472 1119 586 1179 miserit
607 1119 735 1179 triremis
757 1137 879 1196 quarum
900 1117 1211 1182 subsidio‘discrimini

71 1196 73 1201 ’
158 1205 344 1266 eximeretur.
387 1203 488 1281 Neque
510 1213 605 1263 tamen
628 1204 776 1281 mitigatus
798 1203 867 1264 Piso
897 1212 927 1263 et
948 1204 994 1263 vix
1016 1203 1075 1264 diei
1096 1219 1257 1268 moromtu

153 1307 315 1370 perpessus
348 1287 455 1366 linquit
482 1287 685 1348 Germanicum
714 1289 930 1366 praevenitque.
984 1288 1021 1350 Et
1050 1299 1208 1368 poatqaam

155 1373 267 1453 Syriam
289 1391 322 1432 ao
342 1371 473 1450 legiones
496 1373 598 1450 attigit,
621 1372 790 1450 largitione,
815 1373 940 1446 ambitu,
972 1373 1089 1434 intimos
1111 1377 1209 1435 mani-

156 1457 300 1536 pularium
322 1457 459 1528 iuvando,
481 1477 546 1518 cum
570 1466 684 1517 veteres
706 1458 903 1529 centuriones,
933 1476 1053 1518 severos
1076 1459 1211 1520 tribunos

156 1543 324 1604 demoveret
343 1542 466 1620 locoque
489 1559 591 1602 eorum
613 1528 770 1617 clientibus
791 1542 854 1603 suis
873 1543 918 1603 vel
933 1543 1091 1603 deterrimo
1106 1545 1211 1620 cuique

156 1627 338 1699 attribueret,
360 1626 502 1688 desidiam
525 1627 697 1699 incastris,
726 1627 871 1688 liventium
893 1628 923 1687 in
947 1627 1082 1699 urbibus,
1105 1642 1256 1706 vegetante

156 1730 190 1772 ac
213 1711 414 1772 lascivientem
444 1731 497 1791 per
524 1730 611 1789 agros
638 1711 759 1772 militem
787 1713 914 1783 sineret,
953 1731 988 1772 eo
1018 1730 1110 1790 usque
1137 1731 1208 1773 cor·

155 1796 300 1874 ruptionis
329 1806 486 1874 provectus
515 1805 562 1856 est
587 1804 620 1857 ut
648 1815 787 1857 sermone
816 1797 891 1874 vulgi
926 1815 1034 1875 parens
1062 1796 1211 1875 legionum

156 1880 323 1941 haberetur.
354 1881 414 1942 Neo
427 1881 563 1942 Plancina
586 1899 619 1941 se
641 1881 718 1941 intra
736 1881 846 1942 decora
869 1882 984 1941 leminis
1006 1881 1133 1954 tenebat,
1156 1885 1209 1944 sed

157 1965 295 2026 exercitio
317 1967 461 2043 equitum,
485 1966 658 2027 decursibus
681 1966 846 2027 cohortium
868 1966 1028 2036 interesse,
1052 1968 1082 2026 in
1103 1968 1209 2047 Agrip-

152 2051 267 2129 pinam,
290 2049 319 2108 in
343 2051 545 2111 Germanicum
568 2051 760 2111 contumelias
782 2051 892 2120 iacere,
924 2048 1097 2127 quibusdam
1121 2054 1254 2113 etiamne

155 2134 301 2195 honorum
325 2133 447 2194 militum
470 2137 504 2195 ad
527 2136 601 2194 mala
624 2135 766 2213 obsequia
782 2134 937 2214 promptis,
959 2135 1037 2212 quod
1061 2136 1138 2198 haud
1159 2139 1206 2199 iu-

155 2220 215 2278 vito
236 2219 404 2296 inperatore
427 2237 459 2277 ea
481 2219 544 2278 lieri
568 2219 698 2279 occultus
721 2239 823 2295 mmor
844 2219 1005 2280 incedebat.
1041 2220 1115 2281 Nota
1137 2223 1207 2282 hoec

156 2301 346 2373 Germaniam
380 2301 433 2360 sed
460 2303 603 2380 praeverti
632 2304 668 2363 ad
689 2305 845 2365 Armenios
873 2304 1031 2364 instantior
1053 2324 1121 2366 cura
1143 2307 1205 2367 luit.

102 2389 143 2452 56
154 2386 293 2464 Ambigua
322 2403 393 2462 gens
422 2404 455 2445 ea
483 2387 641 2464 antiquitus
666 2389 819 2449 hominum
848 2388 973 2466 ingeniis
1002 2397 1031 2450 et
1059 2390 1117 2451 situ
1146 2400 1207 2450 ter-

155 2488 270 2542 rarum,
302 2469 439 2548 quoniam
462 2470 572 2530 uostris
599 2473 758 2550 provinciis
781 2474 837 2533 late
859 2483 1008 2552 praetenta
1031 2475 1146 2552 penitus
1169 2476 1254 2535 adli>

155 2555 256 2616 lledos
273 2553 460 2635 porrigitur3
497 2555 687 2636 maximisque
713 2557 844 2636 imperiis
872 2559 1015 2620 interiecti
1038 2566 1066 2618 et
1088 2560 1207 2636 saepius

155 2640 307 2700 discordes
330 2648 409 2710 sunt,
432 2640 572 2701 adversus
590 2641 736 2704 Romanos
759 2643 827 2704 odio
850 2653 878 2704 et
892 2645 921 2705 in
937 2644 1075 2704 Parthum
1090 2643 1208 2711 initialia.

151 2725 261 2803 Regem
287 2725 335 2785 illa
363 2732 536 2803 tempestate
568 2745 629 2786 non
656 2727 814 2801 habehant,
849 2738 947 2789 amoto
977 2730 1114 2802 Vonooe3
1153 2731 1204 2789 sed

154 2811 236 2871 lavor
250 2811 378 2871 nationis
394 2810 552 2871 inclinabat
565 2811 595 2872 in
611 2810 768 2888 Zenonem,
788 2813 968 2883 Polemonis,
990 2813 1068 2889 regis
1084 2814 1207 2888 Pontici,

185 2979 208 3029 8.
235 2982 343 3042 raperet
364 2979 392 3026 itt
418 2979 532 3043 abrupta
554 2978 655 3029 hezieht
704 2981 803 3030 nucum
827 2981 952 3027 accrcita‘o
978 2979 1141 3046 cohortium,
1166 2982 1214 3032 ds·-

151 3045 203 3096 sich
222 3061 268 3094 nur
281 3044 397 3103 aulPiso,
418 3045 499 3096 indem
512 3047 586 3096 sehon
600 3046 654 3110 hier
704 3060 783 3096 curru
800 3045 940 3108 legionum.
979 3044 1005 3095 ln
1025 3047 1071 3097 der
1087 3049 1208 3100 leutereu

151 3112 191 3163 die
202 3112 308 3162 hernach
324 3112 367 3162 mit
377 3116 480 3164 inimici
494 3115 653 3164 bezeichnete
704 3111 781 3163 Stelle
799 3112 865 3173 zelat
882 3113 928 3162 der
945 3111 1086 3177 Gegensatz
1106 3133 1154 3166 von
1173 3118 1212 3167 le-

149 3179 244 3230 Person
262 3181 368 3243 gedacht
384 3182 456 3241 wind,
485 3183 545 3232 nach
564 3181 654 3231 doale·
696 3182 812 3249 ‘pienum
842 3181 900 3230 dass
924 3181 968 3232 mit
991 3184 1138 3234 celtortium
1161 3200 1214 3236 nur

151 3247 191 3310 gie
209 3248 252 3297 des
270 3249 455 3311 getvdlmlichen
470 3249 558 3307 Palles,
579 3264 653 3298 wenu
704 3246 983 3310 dieBuudcsganosseu,
1004 3252 1028 3300 in
1047 3252 1092 3302 der
1109 3262 1208 3304 eastern

151 3315 198 3366 aul
211 3317 323 3367 mehrere
338 3319 413 3369 durch
429 3315 654 3381 elneCopulaver·
704 3313 750 3363 der
767 3330 814 3363 von
833 3320 949 3381 equitum
976 3320 1033 3368 dass
1058 3320 1135 3370 demit
1158 3321 1209 3372 olle
1236 3323 1239 3327 ’

149 3382 263 3435 ltuodene
280 3387 372 3445 Verha,
397 3387 437 3437 die
456 3383 587 3435 denselhen
607 3376 654 3431 Ca·
707 3381 839 3443 Cohorteo,
861 3385 956 3436 sowoltl
974 3387 1013 3435 die
1026 3388 1072 3436 der
1080 3388 1211 3450 Legiones

150 3468 192 3503 sua
218 3455 347 3517 regiereu,
379 3456 417 3505 ein
449 3447 653 3502 solenes-Casus
705 3450 742 3500 als
773 3451 820 3502 der
846 3453 1065 3515 Bnndcsgeaossen
1099 3457 1210 3518 gettialnt

150 3521 225 3584 lolgt,
253 3523 299 3571 der
316 3539 346 3572 za
365 3521 428 3571 allen
445 3535 475 3568 zu
494 3516 590 3565 denken
608 3515 649 3566 ist.
704 3519 768 3568 sind.

185 3592 223 3640 ta.
259 3591 414 3639 escerettmm
429 3585 493 3634 fund
527 3582 652 3634 decursus
735 3583 787 3644 56.
805 3590 844 3640 26.
857 3591 1210 3654 mammetmpertogetorr

149 3656 286 3716 (Mandvert
322 3656 375 3706 siud
410 3654 455 3702 der
481 3651 561 3700 Sache
589 3653 649 3701 nach
703 3656 764 3705 auch
784 3672 813 3706 za
832 3655 978 3718 discordem
1002 3674 1032 3707 zu
1049 3662 1155 3724 adeptor
1170 3660 1208 3710 ist

149 3723 270 3781 dasselhe,
287 3725 367 3773 ladem
382 3720 435 3770 hier
448 3717 650 3770 unterletztereo
701 3738 732 3772 zu
750 3724 846 3772 deulen
863 3738 942 3786 quem
960 3725 1107 3777 concordes.

149 3792 353 3852 auchUehungen
371 3786 520 3837 verstsnden
537 3790 648 3840 werden.
735 3793 774 3842 28.
792 3795 879 3839 amoto
898 3789 1014 3843 Votieno.
1051 3793 1077 3843 S.
1099 3811 1120 3844 o.
1135 3798 1159 3847 4.

149 3857 226 3908 Uoteo
245 3859 286 3908 lll.
303 3860 334 3909 33
353 3855 429 3905 heisst
445 3870 473 3905 es
491 3870 537 3903 von
557 3856 651 3908 densel·
734 3860 773 3910 29.
791 3857 895 3906 Polemo
919 3858 1006 3910 besass
1024 3862 1070 3911 den
1090 3865 1206 3913 norddst·

146 3925 195 3976 hen
219 3927 305 3989 Sache,
321 3922 483 3989 praesedisse
505 3939 590 3989 nuper
611 3927 651 3990 se-
699 3925 778 3976 lichen
796 3923 868 3975 Theil
884 3926 929 3976 des
946 3927 1047 3979 Pontus.
1085 3929 1120 3979 tta
1135 3931 1209 3981 lehtc

565 4006 574 4032 h
