2550 4350
104 265 234 328 pente)
309 263 349 313 uu
368 262 517 314 excussu
535 262 603 316 nivi
621 260 761 315 sucusrt
779 263 809 314 u.
831 266 872 316 aa.
889 267 930 316 es.
945 267 986 317 aa.
1103 255 1164 317 125

105 416 231 480 Graecis
254 416 351 495 Cotyi,
374 417 449 495 quod
472 416 613 478 incultum
635 420 718 478 leros
739 416 883 478 adnexum
905 416 1059 489 hostibus,
1082 417 1163 481 Rhe·

108 501 260 582 ceuporidi
297 501 398 573 cessit3
433 503 625 580 ipsorumque
658 520 760 580 regum
794 501 926 580 ingenia,
968 501 1010 562 illi
1038 502 1108 564 mite
1136 513 1165 565 et

109 605 277 657 amoenum,
300 587 367 647 huic
388 595 470 648 atrox
492 587 606 647 avidum
631 596 659 648 et
675 587 824 648 societatis
839 586 985 664 inpatiens
1001 596 1073 648 erat.
1106 589 1165 649 Sed

110 673 206 753 primo
229 671 350 732 subdola
369 673 524 732 concordia
540 690 640 748 egere:
664 690 731 733 mox
747 671 949 751 Rhescuporis
965 673 1065 751 egredi
1079 672 1164 744 fines,

87 766 226 821 avertere
248 757 277 816 in
301 775 333 816 se
355 756 436 834 Cotyi
459 758 522 816 data
546 754 575 816 et
596 756 747 816 resistenti
774 756 832 817 vim
854 759 966 830 lacere,
996 764 1168 818 cunctanter

110 843 166 907 sub
187 844 329 920 Augusto,
351 836 437 919 quem
458 849 609 902 auctorem
632 841 785 919 utriusque
807 841 899 919 regni.
923 842 948 902 si
964 850 1164 920 sperneretur,

106 927 252 989 vindicem
286 926 441 986 metuebat.
502 926 788 987 Enimvero-audite
824 927 987 988 mutatione
1023 926 1165 1006 principis

84 1013 257 1074 'inmittere
279 1011 422 1071 latronum
446 1010 568 1088 globos,
602 1011 756 1072 excindere
783 1012 914 1084 castella,
947 1030 1052 1074 causes
1074 1011 1162 1073 bello.

104 1097 185 1160 Nihil
215 1114 306 1175 aeque
336 1096 484 1156 Tiberium
519 1096 637 1156 anxium
671 1095 796 1158 habebat
828 1115 914 1175 quam
943 1115 980 1158 ne
1008 1095 1217 1176 conposite65

67 1182 308 1247 toturbarentur.
356 1180 461 1258 Deligit
495 1181 695 1242 centurionem
726 1182 774 1260 qui
803 1182 952 1242 nuntiaret
978 1182 1098 1261 regibus
1126 1199 1164 1243 ne

105 1267 199 1330 armis
232 1266 444 1344 disceptarent;
463 1267 637 1344 ¹statimque
665 1286 680 1328 a
709 1266 798 1345 Cotye
832 1267 954 1328 dimissa
988 1278 1057 1329 sunt
1089 1284 1164 1346 quae

102 1359 259 1434 paraverat
280 1351 393 1410 auxilia.
443 1351 644 1430 Rhescuporis
672 1355 738 1413 licta
768 1353 913 1413 modestia
934 1353 1066 1431 postulat
1087 1370 1164 1413 cun·
1268 1388 1272 1396 ‚

105 1440 174 1500 dem
205 1436 234 1496 in
264 1435 358 1495 locum
388 1435 531 1496 coiretur:
569 1455 660 1515 posse
695 1437 730 1497 de
765 1438 977 1498 controversiis
1007 1437 1164 1515 conloquio

104 1522 240 1600 transigi.
276 1519 336 1580 Nec
357 1520 405 1581 diu
428 1521 586 1586 dubitatum
611 1523 647 1580 de
668 1530 802 1599 tempore
822 1522 899 1590 loco,
923 1523 990 1583 dein
1012 1522 1163 1583 condicio-

68 1608 214 1679 canthus,
237 1604 397 1666 cum'alter
418 1606 567 1677 facilitate,
594 1607 666 1666 alter
687 1606 789 1666 l'raude
811 1617 913 1667 cuncta
936 1608 1012 1667 inter
1034 1626 1067 1668 se
1089 1626 1164 1669 con-

109 1693 247 1753 cederent
267 1691 499 1768 acciperentque.
534 1691 736 1768 Rhescuporis
759 1691 927 1763 sendendo,
950 1700 983 1751 ut
1004 1692 1164 1764 dictitabat,

110 1775 220 1837 foederi
242 1775 407 1836 convivium
429 1775 530 1845 adicit,
557 1783 705 1852 tractaque
733 1775 762 1834 iu
792 1774 909 1834 multam
938 1784 1055 1836 noctem
1077 1776 1164 1838 laeti-

109 1861 148 1923 tia
168 1877 220 1940 per
242 1859 343 1938 epulas
371 1878 404 1919 ac
431 1859 619 1919 vinolentiam
646 1859 793 1919 incautum
816 1860 922 1937 Cotyn,
952 1869 980 1920 et
1006 1870 1164 1938 postquam

110 1945 206 2008 dolum
235 1944 430 2017 intellexerat,
469 1963 551 2005 sacra
580 1944 678 2022 regni,
719 1943 850 2004 eiusdem
878 1943 1003 2004 lamiliae
1034 1944 1107 2004 deos
1135 1953 1165 2006 et

68 2029 265 2111 cohospitalis
292 2047 409 2089 mensas
438 2029 632 2090 obtestantem
661 2029 772 2090 catenis
803 2037 917 2090 onerat.
965 2029 1165 2107 Thraeciaque

68 2170 73 2182 .
105 2116 188 2179 omni
209 2110 323 2194 potitus
347 2114 465 2175 scribsit
486 2115 520 2175 ad
538 2114 687 2175 Tiberium
703 2123 830 2175 structas
846 2113 902 2175 sibi
918 2113 1051 2186 insidias,
1073 2132 1162 2194 prae-

102 2211 224 2263 ventum
246 2199 464 2272 insidiatorem;
496 2200 582 2260 simul
612 2200 716 2260 bellum
746 2200 888 2260 adversus
911 2199 1068 2260 Bastarnas
1090 2201 1163 2278 Scy-

106 2288 233 2365 thasque
260 2285 454 2364 praetendens
483 2286 569 2344 rrovis
597 2286 727 2362 peditum
756 2294 785 2345 et
813 2284 943 2364 equitum
972 2286 1066 2365 copiis
1096 2303 1164 2346 sese

106 2370 249 2431 firmabat.
293 2368 417 2429 Molliter
445 2370 636 2448 rescriptum,
666 2371 690 2430 si
714 2372 794 2431 fraus
818 2371 951 2444 abesset,
982 2389 1073 2448 posse
1095 2389 1162 2433 eum

65 2465 95 2516 tt
106 2453 295 2518 innocentiae
328 2455 434 2527 lidere3
474 2461 604 2514 ceterum
631 2473 726 2534 neque
755 2475 788 2516 se
819 2474 915 2534 neque
943 2464 1076 2517 senatum
1104 2455 1163 2517 nisi

105 2540 226 2618 cognita
253 2557 338 2599 causa
368 2538 412 2598 ius
444 2547 472 2598 et
499 2539 635 2600 iniuriam
664 2539 861 2600 discreturus:
900 2540 1025 2617 proinde
1055 2540 1162 2601 tradito

108 2624 200 2702 Cotye
220 2625 331 2685 veniret
352 2625 580 2700 translucetque
608 2623 743 2683 invidiam
775 2623 915 2683 criminis.
965 2623 1023 2682 Eas
1050 2623 1215 2687 litterasbti

107 2707 242 2770 Latinius
268 2707 403 2770 Pandusa
430 2726 484 2787 pro
513 2714 649 2786 praetore
677 2706 804 2768 Moesiae
835 2725 899 2767 cum
928 2705 1069 2767 militibus
1097 2707 1162 2786 quis
1222 2748 1223 2752 =

141 2828 162 2876 l.
185 2788 303 2890 Gffece'r,
324 2805 426 2876 'melche
445 2824 485 2874 die
503 2825 610 2874 Khsten·
693 2826 733 2875 22.
757 2824 904 2874 Bastarnas
928 2821 1105 2889 Scythaeque,
1132 2823 1166 2875 im

102 2895 188 2945 sttdte
211 2893 367 2944 hewobnten.
415 2894 493 2960 Cotys
520 2893 610 2944 erbielt
658 2890 761 2942 Norden
781 2892 930 2949 derllonnu,
950 2892 989 2941 bis
1006 2908 1036 2941 zu
1055 2893 1165 2943 welcber

103 2963 150 3011 den
163 2961 330 3012 sdddstlicben
343 2962 422 3012 Theil.
442 2962 487 3011 Die
501 2962 608 3012 bernach
660 2961 799 3010 seinReich
819 2975 857 3009 am
876 2961 1102 3012 schwurzcnllleer
1119 2977 1165 3012 vor

102 3031 358 3081 erwa'tbntenrbortes
387 3031 448 3080 sind·
468 3030 508 3080 die
533 3031 609 3080 unab-
659 3030 755 3080 Mdsieu
780 3029 960 3079 hinaul'reichte
991 3032 1085 3095 tspdter
1107 3031 1166 3093 ging
1250 3034 1255 3050 “

40 3122 43 3127 1
102 3096 365 3160 hengigenTbraker.
403 3098 444 3148 lV.
453 3100 495 3149 46.
660 3097 754 3148 mosten
785 3097 824 3147 bis
853 3113 898 3148 uns
927 3099 1056 3149 schwerzc
1083 3099 1161 3157 dicer,

139 3166 160 3216 t.
187 3166 231 3215 illi
251 3170 315 3216 mito
339 3172 430 3215 etam.
474 3169 511 3215 Au
531 3167 608 3234 Cotys
659 3166 721 3215 Pliu.
736 3165 827 3223 tltto.
843 3169 906 3224 149),
928 3167 968 3216 dle
987 3169 1163 3217 ersternnacb

102 3231 137 3282 ist
154 3231 232 3283 Ovids
251 3236 309 3285 liter
318 3235 390 3283 Bricl
405 3235 448 3283 des
460 3237 516 3284 bten
528 3235 608 3285 Bnchs
658 3233 767 3284 Westcu
785 3234 823 3284 bis
842 3251 872 3284 zu
891 3235 938 3284 den
954 3233 1102 3294 Germanou,
1124 3236 1164 3286 dio

103 3315 136 3350 ex
160 3301 238 3351 Ponto
264 3303 398 3364 gerichtet.
427 3317 529 3352 woraus
558 3304 608 3352 wir
657 3301 765 3352 letztern
784 3303 845 3351 nach
866 3302 941 3352 Osten
960 3319 999 3352 zu.

102 3370 162 3419 sebn
181 3370 241 3419 dass
259 3386 288 3419 er
305 3370 407 3419 Dichter
423 3384 487 3418 war.
692 3371 731 3420 27.
752 3371 911 3431 transferret
926 3370 1007 3420 incid.
1028 3373 1100 3420 crim.
1121 3371 1170 3421 aul

136 3438 159 3488 8.
189 3439 323 3487 inmittere
341 3439 485 3504 latronum
506 3437 605 3501 globos.
658 3437 704 3487 deu
724 3437 814 3503 Cotys,
845 3439 876 3487 da
901 3454 928 3488 es
952 3438 1074 3489 natd1·lich
1098 3453 1160 3497 wer,

104 3501 235 3555 Disselhen
254 3505 347 3556 Worte
364 3504 420 3554 xtt.
437 3507 477 3556 54.
657 3507 715 3554 dass
741 3520 810 3562 ulan,
844 3522 870 3556 so
895 3506 968 3570 longe
992 3522 1020 3557 er
1043 3505 1094 3555 sieb
1118 3520 1166 3555 vor

136 3586 229 3622 causae
247 3574 320 3623 bello.
357 3574 382 3624 S.
403 3589 433 3622 zu
452 3571 522 3623 tut.
660 3573 761 3624 Gericht
789 3589 819 3622 zu
843 3574 932 3624 stellcn
957 3575 1092 3636 weigerte,
1122 3572 1164 3621 ihu

136 3642 175 3693 to.
194 3657 274 3691 saera
285 3644 364 3706 regni
383 3641 431 3691 ‘die
440 3640 552 3702 Religion
565 3640 609 3706 des
660 3642 701 3690 hh·
719 3641 832 3704 schuldig
849 3642 917 3692 hielt.

100 3708 281 3772 Kduigreicbs'‚
311 3710 378 3759 Alles
403 3724 458 3759 was
483 3709 521 3758 ihr
538 3708 607 3758 Laud
692 3703 739 3763 66.
765 3712 804 3761 28.
823 3708 947 3759 Latinius
963 3707 1086 3757 Pandusa
1106 3721 1163 3757 wer

100 3777 426 3839 vorzugsweiseverebrte.
457 3777 526 3826 Danu
547 3777 609 3839 lolgt
660 3777 712 3826 also
737 3777 791 3826 dem
816 3777 928 3843 Popprlus
955 3775 1074 3832 Sabinus,
1103 3775 1164 3826 wel-

102 3844 147 3894 das
163 3844 329 3910 Speciellere:
356 3847 396 3895 die
415 3846 503 3896 Gotter
520 3845 609 3907 (Penat-
659 3847 727 3894 chent
747 3848 807 3894 nach
822 3844 840 3894 l.
854 3848 885 3896 80
903 3842 997 3893 Mdsleu
1017 3843 1060 3892 mit
1072 3842 1165 3893 lliuzu·

100 3917 153 3976 teu)
172 3913 217 3963 des
235 3911 390 3975 ltdnigliehen
409 3914 513 3964 llaures
660 3913 752 3974 ldgung
769 3927 817 3962 von
829 3913 925 3975 Acbuje
940 3911 988 3961 und
1000 3911 1162 3963 Macedonian
