2550 4350
91 283 215 344 term)
285 280 325 330 rr
345 278 584 362 excussumvr
603 279 848 332 scansurum.
869 281 956 333 vti.
970 285 994 334 2.
1101 258 1170 336 279⁶

97 452 167 496 saxa
190 452 308 494 rursum
333 443 362 494 et
384 433 572 495 solitudinem
595 434 685 495 maris
709 434 843 513 repetiit,
876 436 991 513 pudore
1019 437 1164 501 scelerum

97 529 126 581 et
148 518 314 591 libidinum,
347 519 453 595 quibus
477 519 550 579 adeo
574 519 726 580 indomitis
749 527 899 580 exarserat
920 529 953 580 ut
974 539 1058 582 more
1080 523 1164 601 regio

95 603 204 684 pubem
234 603 391 681 ingenuam
420 604 532 682 stupris
560 604 714 681 pollueret.
769 603 975 665 Nec-formem
998 613 1110 667 tanturn
1135 616 1165 669 et

95 690 204 750 decora
227 707 362 766 corpora,
388 697 434 749 set
455 688 554 748 in‘bis
577 689 742 749 modestam
766 688 931 766 pueritiam,
954 689 985 750 in
1007 690 1071 751 aliis
1088 692 1163 751 ima·
1261 729 1263 733 ν

70 775 182 853 tgines
215 772 359 835 maiorum
393 772 612 833 incitamentum
647 772 792 851 cupidinis
830 774 963 834 babebat.
1022 775 1163 855 Tuncque

94 858 224 938 primum
253 858 352 934 ignota
381 865 466 917 antea
494 857 632 918 vocabula
668 866 785 936 reperta
821 867 891 919 sunt
919 859 1105 920 sellariorum
1134 869 1164 922 et

94 942 287 1022 spintriarum
310 961 345 1002 ex
368 942 506 1002 foeditate
528 941 585 1002 loci
608 961 642 1002 ac
663 942 815 1021 multiplici
837 943 986 1020 patientia.
1029 945 1161 1023 Praepo-

95 1028 204 1105 sitique
227 1027 316 1098 servi,
340 1027 388 1104 qui
412 1026 622 1106 conquirerent
643 1028 860 1105 pertraherent,
885 1028 961 1089 dona
984 1029 1014 1088 in
1036 1035 1162 1108 promp-

94 1121 161 1184 tos,
184 1111 280 1171 minas
303 1111 458 1171 adversum
481 1111 661 1183 abnuentes,
692 1121 722 1172 et
744 1113 769 1172 si
792 1111 955 1173 retinerent
976 1113 1161 1193 propinquus

57 1205 148 1257 toaut
176 1214 300 1274 parens,
330 1196 407 1268 rim,
440 1205 543 1274 raptus
575 1215 696 1274 suaque·
716 1197 773 1274 ipsi
802 1196 883 1257 libita
906 1198 1036 1258 velutin
1060 1208 1163 1276 captos

96 1281 282 1342 exercebant.

180 1368 216 1424 At
238 1365 348 1424 Romae
370 1364 515 1442 principio
546 1365 631 1436 anni,
665 1365 749 1443 quasi
779 1383 883 1425 recens
916 1365 1042 1444 cognitis
1064 1365 1194 1431 Liriac2

94 1449 212 1527 flagitiis
235 1467 269 1508 ac
291 1467 349 1508 non
373 1449 488 1526 pridem
512 1450 598 1509 etiam
622 1450 745 1528 punitis,
769 1459 885 1510 atroces
902 1451 1066 1511 sententiae
1081 1451 1163 1512 dice·
1232 1468 1236 1477 “

94 1533 212 1606 bantur,
234 1534 263 1592 in
288 1533 401 1610 effigies
425 1552 543 1611 quoque
565 1553 599 1594 ac
620 1534 794 1594 memoriam
817 1535 893 1606 eius,
917 1543 946 1595 et
968 1534 1046 1596 bona
1063 1535 1163 1598 Seiani
1220 1544 1223 1551 '

55 1629 85 1679 15
96 1619 191 1679 ablata
220 1617 334 1678 aerario
362 1626 396 1677 ut
423 1617 452 1676 in
488 1619 591 1679 fiscum
626 1626 819 1694 cogerentur,
852 1627 999 1697 tamquam
1027 1622 1162 1682 referret.

66 1750 69 1755 .
95 1703 250 1781 Scipiones
274 1702 347 1762 haec
370 1711 399 1763 et
421 1702 512 1762 Silani
535 1709 564 1762 et
586 1701 696 1775 Cassii,
730 1702 825 1762 isdem
857 1703 950 1763 ferme
972 1712 1023 1764 aut
1043 1705 1163 1782 paulum

95 1787 245 1847 inmutatis
267 1786 376 1858 verbis,
400 1787 622 1846 adseveratione
646 1786 733 1846 multa
757 1785 928 1859 censebant,
951 1806 1017 1847 cum
1040 1799 1164 1868 repente

23 1891 31 1906 ·
97 1871 248 1950 Togonius
271 1871 386 1941 Gallus,
420 1871 490 1930 dum
512 1870 726 1948 ignobilitatem
749 1889 833 1930 suam
856 1871 969 1948 magnis
992 1872 1164 1934 nominibus

96 1955 216 2028 inserit,
240 1955 506 2034 perderidiculum
530 1955 656 2016 auditur.
701 1955 774 2015 Nam
796 1954 958 2032 principem
982 1954 1086 2016 orabat
1106 1957 1163 2016 de·

43 2042 186 2119 'seligere
210 2048 376 2113 senatores,
401 2059 436 2100 ex
461 2039 535 2118 quis
550 2039 652 2117 viginti
675 2048 756 2100 sorte
779 2038 858 2100 ducti
882 2048 911 2100 et
933 2040 1012 2100 terro
1028 2040 1162 2115 accincti,

96 2126 234 2206 quotiens
257 2124 367 2185 curiam
391 2123 508 2196 inisset,
532 2125 656 2184 salutem
674 2124 739 2184 eius
755 2123 966 2186 defenderent.¹
993 2123 1164 2185 Crediderat

95 2210 235 2273 nimirum
259 2209 401 2287 epistulae
424 2209 556 2270 subsidio
581 2209 637 2270 sibi
653 2209 776 2269 alterum
792 2228 826 2268 ex
843 2208 1016 2269 consulibus
1032 2228 1163 2288 poscen-

96 2297 144 2366 tis,
169 2303 202 2354 ut
223 2302 304 2355 tutus
328 2293 481 2372 aCapreis
506 2294 609 2354 urbem
632 2301 756 2373 peteret.
794 2292 931 2354 Tiberius
955 2304 1060 2367 tamen,
1084 2293 1164 2355 ludi-

96 2380 158 2440 bria
182 2379 268 2439 seriis
292 2379 471 2457 permiscere
500 2379 623 2449 solitus,
657 2378 717 2456 egit
744 2378 834 2456 gratis
865 2379 1079 2440 benivolentiae
1108 2398 1164 2458 pa-

56 2471 191 2526 tbtrum:
216 2464 268 2524 sed
291 2482 366 2541 qnos
391 2463 485 2523 omitti
504 2482 604 2541 posse,
628 2482 703 2540 quos
719 2461 830 2540 deligi?
863 2464 1025 2542 Semperne
1042 2464 1165 2526 eosdem

96 2570 132 2612 an
156 2548 282 2610 subinde
305 2545 403 2609 alios?
426 2556 456 2608 et
478 2547 643 2608 bonoribus
667 2549 837 2625 perfunctos
857 2566 894 2607 an
909 2548 1041 2622 iuvenes,
1064 2551 1165 2627 priva-

126 2701 149 2750 2.
168 2701 251 2762 regio.
289 2698 334 2747 llic
353 2698 522 2766 Vorstellupg,
542 2697 606 2746 wcl-
656 2694 697 2746 tv.
709 2696 755 2751 68;
776 2693 818 2744 Vl.
834 2697 872 2745 15.
893 2694 1002 2747 xtt.1t.
1106 2698 1110 2706 '

92 2768 137 2816 clre
164 2767 204 2816 die
221 2766 279 2816 Zeit
297 2768 341 2816 des
359 2765 422 2815 Tae.
448 2781 495 2815 von
524 2765 604 2814 ciuem
690 2763 730 2813 tt.
749 2761 890 2827 epistotae,
918 2762 1060 2812 demselben
1085 2764 1165 2824 Brief,

92 2833 174 2896 lldnig
193 2836 269 2893 butte,
291 2835 397 2884 ricbtete
416 2834 467 2883 sich
481 2832 604 2882 natrirlicb
656 2830 681 2879 in
698 2829 819 2879 walchem
838 2844 867 2878 er
885 2831 914 2880 31
929 2830 1008 2881 n.Cb.
1029 2831 1077 2880 deu
1089 2831 1168 2896 Sejau

93 2904 155 2952 nach
185 2903 232 2952 den
257 2902 440 2952 zublreicbsten
463 2902 604 2966 Reprdsen-
656 2899 688 2948 im
712 2898 790 2948 Senot
814 2897 949 2960 angellugt
974 2899 1050 2948 batte.
1095 2898 1191 2950 Suet„

93 2978 177 3020 tanten
195 2970 227 3019 im
241 2971 388 3027 Altertbum,
404 2971 492 3028 denen,
508 2968 604 3019 welcbc
654 2966 712 3016 Tib.
723 2968 763 3017 65.
785 2965 832 3015 Dio
842 2964 930 3016 LVlll.
942 2968 981 3017 10.
1012 2965 1171 3019 Crediderat

94 3038 134 3088 die
157 3055 205 3088 vou
230 3039 277 3087 den
295 3038 473 3089 Macedoniarn
497 3039 605 3100 gegrdn·
654 3037 783 3085 nimirum
813 3034 847 3084 ist
877 3034 922 3084 mit
947 3034 1055 3085 bitterer
1085 3034 1167 3086 lronie

94 3106 271 3157 detcnlleiobe
284 3107 472 3163 beberrsobteu,
494 3107 542 3156 und
558 3107 605 3156 den
657 3111 757 3166 gesugt:
787 3103 851 3152 denu
871 3102 894 3151 in
913 3101 1053 3153 Wabrbeit
1075 3104 1169 3154 konute

94 3172 280 3229 barbarisclrcn,
297 3175 343 3223 beu
363 3176 481 3224 tsdcbliclr
496 3176 607 3225 oriente·
656 3171 784 3234 Togonius
810 3186 837 3220 cs
856 3170 924 3220 uicbt
941 3171 1059 3233 gcglaubt
1076 3172 1167 3229 baben,

93 3191 603 3293 11361911.111.35.111,42.Χ111.23.11.
657 3241 689 3289 da
708 3239 840 3296 Tiberius,
872 3239 935 3287 ohne
960 3240 1005 3289 das
1024 3238 1171 3289 Gclcittlas
1203 3282 1208 3286 .

93 3307 113 3357 l.
128 3310 165 3359 16.
185 3306 216 3357 ll.
228 3311 269 3359 to.
291 3308 385 3361 lV.83.
406 3309 436 3357 V.
448 3311 472 3360 8.
494 3309 576 3360 (1.14.
659 3307 763 3357 Consule
782 3307 965 3364 onzuncbmen,
996 3307 1021 3355 in
1039 3307 1079 3356 die
1097 3305 1170 3357 Nabc

125 3371 154 3431 2.
176 3378 214 3426 12.
233 3374 328 3426 Liviae
342 3378 464 3442 flagitiis.
492 3374 569 3426 S.lV.
580 3377 603 3427 3.
657 3374 732 3423 Roms
751 3375 895 3436 gekornmen
916 3389 978 3423 war.
1012 3373 1059 3422 Dio
1078 3372 1167 3424 LVlll.

93 3445 150 3509 Su.
173 3461 204 3493 zu
222 3444 254 3496 V.
267 3448 291 3496 5.
660 3443 690 3491 13
708 3437 758 3489 τὸν
781 3438 887 3492 ὕπατον
911 3437 960 3491 τὸν
975 3436 1117 3506 Ῥῆγουλον
1135 3446 1166 3499 (s.
1240 3493 1242 3497 ,

128 3514 167 3562 15.
188 3517 324 3577 tamquam
342 3512 462 3575 referret,
482 3511 514 3560 da
531 3509 607 3561 Tibe·
657 3508 688 3558 V.
708 3511 762 3565 ttt,
790 3505 825 3558 τά
848 3526 878 3560 τε
896 3502 980 3560 αὐτοῦ
1004 3505 1045 3558 ἀεὶ
1063 3503 1171 3624 (ρῖονῆ-

91 3578 146 3628 rius
166 3580 260 3630 ebenso
286 3581 452 3630 willldbrlicb
479 3579 542 3629 iiber
559 3579 604 3628 das
657 3591 744 3625 σαντα
767 3572 813 3624 καὶ
842 3573 911 3630 πὸς
937 3574 988 3638 τὴν
1014 3571 1093 3644 ἆσφὰ
1109 3591 1171 3626 ειαν

91 3648 176 3696 berar
199 3647 249 3696 wic
275 3649 338 3697 tiber
361 3649 409 3698 den
433 3647 520 3697 Fiscus
549 3662 606 3696 vor·
655 3644 703 3704 τῆς
721 3637 748 3697 ἒς
766 3639 815 3705 τὴν
832 3593 911 3692 udde*
935 3641 1019 3694 αὐτοῦ
1044 3640 1168 3711 κομιδῆς,

93 3714 172 3776 lbgtc.
212 3714 269 3776 Vgl.
291 3732 321 3763 zu
341 3732 361 3763 c.
379 3720 416 3767 lt.
654 3708 748 3778 ὥσπερ
763 3707 927 3768 ἐπεστάλκει,
941 3709 1067 3771 ἐλθόντα,
1083 3706 1171 3762 ducul-

129 3785 167 3833 16.
188 3781 328 3846 Scipiones
346 3784 409 3833 boec
432 3787 458 3832 et
475 3780 565 3832 Silani
581 3785 607 3830 ot
657 3793 735 3830 uoto.

94 3847 185 3899 Cassii.
212 3848 473 3907 VondenPersoncu,
496 3848 606 3898 dicbier
693 3850 732 3899 26.
763 3845 909 3894 bonoribus
928 3846 1069 3909 pmfnncti
1091 3844 1172 3905 toicbt

93 3919 204 3978 gonreint
227 3917 296 3975 sind,
327 3933 360 3968 zu
377 3917 419 3967 lll.
435 3919 483 3973 '143
514 3915 602 3967 1159.
658 3915 755 3976 suncti)
773 3911 828 3960 sind
845 3910 1173 3964 solotetteitrcnemtcr-
