<?xml version="1.0" encoding="UTF-8"?>
<!DOCTYPE html PUBLIC "-//W3C//DTD XHTML 1.0 Transitional//EN"
    "http://www.w3.org/TR/xhtml1/DTD/xhtml1-transitional.dtd">
<html xmlns="http://www.w3.org/1999/xhtml" xml:lang="en" lang="en">
 <head>
  <title>
</title>
<meta http-equiv="Content-Type" content="text/html;charset=utf-8" />
  <meta name='ocr-system' content='tesseract 3.04.00' />
  <meta name='ocr-capabilities' content='ocr_page ocr_carea ocr_par ocr_line ocrx_word'/>
</head>
<body>
  <div class='ocr_page' id='page_1' title='image "./corneliustacitu00claugoog_0441.png"; bbox 0 0 2550 4350; ppageno 0'>
   <div class='ocr_carea' id='block_1_1' title="bbox 76 244 1144 363">
    <p class='ocr_par' dir='ltr' id='par_1_1' title="bbox 76 244 1144 363">
     <span class='ocr_line' id='line_1_1' title="bbox 76 244 1144 363; baseline -0.008 -20"><span class='ocrx_word' id='word_1_1' title='bbox 76 280 118 343; x_wconf 88' lang='lat' dir='ltr'><strong>tto</strong></span> <span class='ocrx_word' id='word_1_2' title='bbox 332 329 337 343; x_wconf 85' lang='lat'><strong>,</strong></span> <span class='ocrx_word' id='word_1_3' title='bbox 404 356 407 363; x_wconf 20' lang='grc' dir='ltr'><strong><em>Ι</em></strong></span> <span class='ocrx_word' id='word_1_4' title='bbox 464 281 623 336; x_wconf 74' lang='lat' dir='ltr'><strong>comesu</strong></span> <span class='ocrx_word' id='word_1_5' title='bbox 641 282 753 335; x_wconf 79' lang='lat' dir='ltr'><strong>raeiri</strong></span> <span class='ocrx_word' id='word_1_6' title='bbox 818 244 856 315; x_wconf 82' lang='lat'><strong>.&#39;</strong></span> <span class='ocrx_word' id='word_1_7' title='bbox 1012 285 1144 346; x_wconf 59' lang='lat' dir='ltr'><strong>uuam</strong></span> 
     </span>
    </p>
   </div>
   <div class='ocr_carea' id='block_1_2' title="bbox 1 420 1233 2866">
    <p class='ocr_par' dir='ltr' id='par_1_2' title="bbox 29 420 1209 2192">
     <span class='ocr_line' id='line_1_2' title="bbox 76 420 1145 515; baseline -0.007 -10"><span class='ocrx_word' id='word_1_8' title='bbox 76 441 236 504; x_wconf 85' lang='lat' dir='ltr'><strong>deterrima</strong></span> <span class='ocrx_word' id='word_1_9' title='bbox 258 437 397 499; x_wconf 77' lang='lat' dir='ltr'>Ventidio</span> <span class='ocrx_word' id='word_1_10' title='bbox 420 426 568 508; x_wconf 84' lang='lat' dir='ltr'><strong>Cumano,</strong></span> <span class='ocrx_word' id='word_1_11' title='bbox 587 420 649 498; x_wconf 84' lang='lat' dir='ltr'><strong>¹cui</strong></span> <span class='ocrx_word' id='word_1_12' title='bbox 677 455 746 515; x_wconf 90' lang='lat' dir='ltr'><strong>pars</strong></span> <span class='ocrx_word' id='word_1_13' title='bbox 768 435 942 514; x_wconf 85' lang='lat' dir='ltr'><strong>provinciae</strong></span> <span class='ocrx_word' id='word_1_14' title='bbox 963 434 1145 512; x_wconf 78' lang='lat' dir='ltr'>habebatur,</span> 
     </span>
     <span class='ocr_line' id='line_1_3' title="bbox 76 518 1145 600; baseline -0.005 -13"><span class='ocrx_word' id='word_1_15' title='bbox 76 528 117 587; x_wconf 92' lang='lat' dir='ltr'><strong>ita</strong></span> <span class='ocrx_word' id='word_1_16' title='bbox 145 523 250 586; x_wconf 85' lang='lat' dir='ltr'><strong>divisis</strong></span> <span class='ocrx_word' id='word_1_17' title='bbox 284 533 317 582; x_wconf 92' lang='lat' dir='ltr'><strong>ut</strong></span> <span class='ocrx_word' id='word_1_18' title='bbox 344 522 414 582; x_wconf 90' lang='lat' dir='ltr'><strong>huie</strong></span> <span class='ocrx_word' id='word_1_19' title='bbox 437 518 635 582; x_wconf 80' lang='lat' dir='ltr'>Galilaeorum</span> <span class='ocrx_word' id='word_1_20' title='bbox 657 521 753 592; x_wconf 89' lang='lat' dir='ltr'><strong>natio,</strong></span> <span class='ocrx_word' id='word_1_21' title='bbox 782 520 874 581; x_wconf 82' lang='lat' dir='ltr'><strong>Felici</strong></span> <span class='ocrx_word' id='word_1_22' title='bbox 895 520 1065 583; x_wconf 78' lang='lat' dir='ltr'><strong>Samaritae</strong></span> <span class='ocrx_word' id='word_1_23' title='bbox 1088 534 1145 600; x_wconf 76' lang='lat' dir='ltr'><strong>pa·</strong></span> 
     </span>
     <span class='ocr_line' id='line_1_4' title="bbox 77 604 1149 683; baseline -0.002 -12"><span class='ocrx_word' id='word_1_24' title='bbox 77 617 194 680; x_wconf 81' lang='lat' dir='ltr'><strong>rerunt,</strong></span> <span class='ocrx_word' id='word_1_25' title='bbox 227 607 383 668; x_wconf 91' lang='lat' dir='ltr'><strong>discordes</strong></span> <span class='ocrx_word' id='word_1_26' title='bbox 412 605 484 665; x_wconf 91' lang='lat' dir='ltr'><strong>olim</strong></span> <span class='ocrx_word' id='word_1_27' title='bbox 517 613 547 665; x_wconf 90' lang='lat' dir='ltr'><strong>et</strong></span> <span class='ocrx_word' id='word_1_28' title='bbox 574 613 634 665; x_wconf 92' lang='lat' dir='ltr'><strong>tum</strong></span> <span class='ocrx_word' id='word_1_29' title='bbox 658 613 830 683; x_wconf 87' lang='lat' dir='ltr'><strong>contemptu</strong></span> <span class='ocrx_word' id='word_1_30' title='bbox 853 604 1019 680; x_wconf 84' lang='lat' dir='ltr'><strong>regentium</strong></span> <span class='ocrx_word' id='word_1_31' title='bbox 1044 605 1149 670; x_wconf 89' lang='lat' dir='ltr'><strong>minus</strong></span> 
     </span>
     <span class='ocr_line' id='line_1_5' title="bbox 77 687 1149 767; baseline -0.004 -13"><span class='ocrx_word' id='word_1_32' title='bbox 77 691 218 755; x_wconf 81' lang='lat' dir='ltr'><strong>coercitis</strong></span> <span class='ocrx_word' id='word_1_33' title='bbox 241 690 330 750; x_wconf 92' lang='lat' dir='ltr'><strong>odiis.</strong></span> <span class='ocrx_word' id='word_1_34' title='bbox 381 689 474 766; x_wconf 81' lang='lat' dir='ltr'><strong>lgitur</strong></span> <span class='ocrx_word' id='word_1_35' title='bbox 496 696 614 767; x_wconf 91' lang='lat' dir='ltr'><strong>raptare</strong></span> <span class='ocrx_word' id='word_1_36' title='bbox 637 688 716 749; x_wconf 90' lang='lat' dir='ltr'><strong>inter</strong></span> <span class='ocrx_word' id='word_1_37' title='bbox 737 707 785 758; x_wconf 91' lang='lat' dir='ltr'><strong>se,</strong></span> <span class='ocrx_word' id='word_1_38' title='bbox 808 689 969 748; x_wconf 73' lang='lat' dir='ltr'><strong>immittere</strong></span> <span class='ocrx_word' id='word_1_39' title='bbox 992 687 1149 760; x_wconf 68' lang='lat' dir='ltr'><strong>latronum</strong></span> 
     </span>
     <span class='ocr_line' id='line_1_6' title="bbox 78 771 1172 855; baseline 0 -19"><span class='ocrx_word' id='word_1_40' title='bbox 78 772 197 855; x_wconf 78' lang='lat' dir='ltr'>globos,</span> <span class='ocrx_word' id='word_1_41' title='bbox 230 791 412 852; x_wconf 86' lang='lat' dir='ltr'><strong>componere</strong></span> <span class='ocrx_word' id='word_1_42' title='bbox 442 772 567 833; x_wconf 83' lang='lat' dir='ltr'><strong>insidias</strong></span> <span class='ocrx_word' id='word_1_43' title='bbox 597 779 627 833; x_wconf 90' lang='lat' dir='ltr'><strong>ot</strong></span> <span class='ocrx_word' id='word_1_44' title='bbox 655 772 814 850; x_wconf 87' lang='lat' dir='ltr'><strong>aliquando</strong></span> <span class='ocrx_word' id='word_1_45' title='bbox 837 771 963 850; x_wconf 90' lang='lat' dir='ltr'><strong>proeliis</strong></span> <span class='ocrx_word' id='word_1_46' title='bbox 984 773 1172 850; x_wconf 58' lang='lat' dir='ltr'><strong>congruunt</strong></span> 
     </span>
     <span class='ocr_line' id='line_1_7' title="bbox 77 856 1146 939; baseline -0.003 -18"><span class='ocrx_word' id='word_1_47' title='bbox 77 859 235 939; x_wconf 90' lang='lat' dir='ltr'><strong>spoliaque</strong></span> <span class='ocrx_word' id='word_1_48' title='bbox 258 865 287 919; x_wconf 90' lang='lat' dir='ltr'><strong>et</strong></span> <span class='ocrx_word' id='word_1_49' title='bbox 307 857 436 936; x_wconf 82' lang='lat' dir='ltr'><strong>praedas</strong></span> <span class='ocrx_word' id='word_1_50' title='bbox 459 857 496 917; x_wconf 90' lang='lat' dir='ltr'><strong>ad</strong></span> <span class='ocrx_word' id='word_1_51' title='bbox 518 866 730 934; x_wconf 80' lang='lat' dir='ltr'><strong>procuratores</strong></span> <span class='ocrx_word' id='word_1_52' title='bbox 751 857 873 916; x_wconf 83' lang='lat' dir='ltr'><strong>referre.</strong></span> <span class='ocrx_word' id='word_1_53' title='bbox 909 856 1022 934; x_wconf 53' lang='lat' dir='ltr'><strong>‘Hique</strong></span> <span class='ocrx_word' id='word_1_54' title='bbox 1045 856 1146 935; x_wconf 88' lang='lat' dir='ltr'><strong>primo</strong></span> 
     </span>
     <span class='ocr_line' id='line_1_8' title="bbox 76 939 1143 1019; baseline -0.003 -14"><span class='ocrx_word' id='word_1_55' title='bbox 76 943 200 1016; x_wconf 73' lang='lat' dir='ltr'><strong>laetari,</strong></span> <span class='ocrx_word' id='word_1_56' title='bbox 222 960 288 1001; x_wconf 87' lang='lat' dir='ltr'><strong>mox</strong></span> <span class='ocrx_word' id='word_1_57' title='bbox 312 941 457 1018; x_wconf 78' lang='lat' dir='ltr'><strong>gliscente</strong></span> <span class='ocrx_word' id='word_1_58' title='bbox 480 941 614 1019; x_wconf 90' lang='lat' dir='ltr'><strong>pernicia</strong></span> <span class='ocrx_word' id='word_1_59' title='bbox 637 959 703 1003; x_wconf 90' lang='lat' dir='ltr'><strong>cum</strong></span> <span class='ocrx_word' id='word_1_60' title='bbox 725 958 805 1000; x_wconf 91' lang='lat' dir='ltr'><strong>arma</strong></span> <span class='ocrx_word' id='word_1_61' title='bbox 823 939 949 1000; x_wconf 91' lang='lat' dir='ltr'><strong>militum</strong></span> <span class='ocrx_word' id='word_1_62' title='bbox 972 939 1143 1002; x_wconf 91' lang='lat' dir='ltr'><strong>interiecis·</strong></span> 
     </span>
     <span class='ocr_line' id='line_1_9' title="bbox 71 1022 1143 1102; baseline -0.002 -13"><span class='ocrx_word' id='word_1_63' title='bbox 71 1028 169 1101; x_wconf 64' lang='lat' dir='ltr'><strong>sent,</strong></span> <span class='ocrx_word' id='word_1_64' title='bbox 183 1025 264 1088; x_wconf 90' lang='lat' dir='ltr'><strong>caesi</strong></span> <span class='ocrx_word' id='word_1_65' title='bbox 287 1026 407 1086; x_wconf 89' lang='lat' dir='ltr'><strong>milites.</strong></span> <span class='ocrx_word' id='word_1_66' title='bbox 450 1025 640 1102; x_wconf 74' lang='lat' dir='ltr'><strong>arsissetque</strong></span> <span class='ocrx_word' id='word_1_67' title='bbox 662 1024 742 1084; x_wconf 91' lang='lat' dir='ltr'><strong>bello</strong></span> <span class='ocrx_word' id='word_1_68' title='bbox 764 1023 928 1102; x_wconf 92' lang='lat' dir='ltr'><strong>provincia,</strong></span> <span class='ocrx_word' id='word_1_69' title='bbox 952 1022 983 1083; x_wconf 90' lang='lat' dir='ltr'><strong>ni</strong></span> <span class='ocrx_word' id='word_1_70' title='bbox 1004 1025 1143 1096; x_wconf 82' lang='lat' dir='ltr'><strong>Quadra·</strong></span> 
     </span>
     <span class='ocr_line' id='line_1_10' title="bbox 79 1107 1183 1189; baseline -0.003 -16"><span class='ocrx_word' id='word_1_71' title='bbox 79 1109 272 1189; x_wconf 62' lang='lat' dir='ltr'><strong>tumsyriae</strong></span> <span class='ocrx_word' id='word_1_72' title='bbox 294 1118 410 1182; x_wconf 91' lang='lat' dir='ltr'><strong>rector,</strong></span> <span class='ocrx_word' id='word_1_73' title='bbox 433 1107 631 1169; x_wconf 88' lang='lat' dir='ltr'><strong>subvenisset.</strong></span> <span class='ocrx_word' id='word_1_74' title='bbox 683 1108 746 1168; x_wconf 85' lang='lat' dir='ltr'><strong>Nec</strong></span> <span class='ocrx_word' id='word_1_75' title='bbox 768 1107 819 1168; x_wconf 93' lang='lat' dir='ltr'><strong>diu</strong></span> <span class='ocrx_word' id='word_1_76' title='bbox 843 1108 989 1167; x_wconf 85' lang='lat' dir='ltr'><strong>adversus&#39;</strong></span> <span class='ocrx_word' id='word_1_77' title='bbox 1007 1109 1146 1180; x_wconf 84' lang='lat' dir='ltr'><strong>ludaeos,</strong></span> <span class='ocrx_word' id='word_1_78' title='bbox 1180 1143 1183 1145; x_wconf 57' lang='lat'>&gt;</span> 
     </span>
     <span class='ocr_line' id='line_1_11' title="bbox 79 1190 1188 1274; baseline 0 -20"><span class='ocrx_word' id='word_1_79' title='bbox 79 1193 132 1274; x_wconf 93' lang='lat' dir='ltr'><strong>qui</strong></span> <span class='ocrx_word' id='word_1_80' title='bbox 154 1194 185 1254; x_wconf 93' lang='lat' dir='ltr'><strong>iu</strong></span> <span class='ocrx_word' id='word_1_81' title='bbox 207 1211 313 1254; x_wconf 88' lang='lat' dir='ltr'><strong>necem</strong></span> <span class='ocrx_word' id='word_1_82' title='bbox 335 1193 462 1253; x_wconf 88' lang='lat' dir='ltr'><strong>militum</strong></span> <span class='ocrx_word' id='word_1_83' title='bbox 491 1200 706 1270; x_wconf 86' lang='lat' dir='ltr'><strong>proruperant,</strong></span> <span class='ocrx_word' id='word_1_84' title='bbox 743 1190 909 1251; x_wconf 89' lang='lat' dir='ltr'><strong>dubitatum</strong></span> <span class='ocrx_word' id='word_1_85' title='bbox 940 1190 1014 1269; x_wconf 88' lang='lat' dir='ltr'><strong>quin</strong></span> <span class='ocrx_word' id='word_1_86' title='bbox 1043 1191 1146 1272; x_wconf 90' lang='lat' dir='ltr'><strong>capite</strong></span> <span class='ocrx_word' id='word_1_87' title='bbox 1158 1204 1188 1254; x_wconf 86' lang='lat' dir='ltr'><strong>to</strong></span> 
     </span>
     <span class='ocr_line' id='line_1_12' title="bbox 79 1274 1146 1357; baseline 0 -20"><span class='ocrx_word' id='word_1_88' title='bbox 79 1295 195 1357; x_wconf 90' lang='lat' dir='ltr'><strong>poenas</strong></span> <span class='ocrx_word' id='word_1_89' title='bbox 217 1275 346 1338; x_wconf 88' lang='lat' dir='ltr'><strong>luerent:</strong></span> <span class='ocrx_word' id='word_1_90' title='bbox 379 1277 527 1336; x_wconf 84' lang='lat' dir='ltr'><strong>Cumanus</strong></span> <span class='ocrx_word' id='word_1_91' title='bbox 557 1283 587 1335; x_wconf 93' lang='lat' dir='ltr'><strong>et</strong></span> <span class='ocrx_word' id='word_1_92' title='bbox 609 1274 691 1335; x_wconf 85' lang='lat' dir='ltr'><strong>Felix</strong></span> <span class='ocrx_word' id='word_1_93' title='bbox 713 1274 933 1335; x_wconf 87' lang='lat' dir='ltr'><strong>cunctationem</strong></span> <span class='ocrx_word' id='word_1_94' title='bbox 956 1275 1146 1350; x_wconf 76' lang='lat' dir='ltr'><strong>adferebant,</strong></span> 
     </span>
     <span class='ocr_line' id='line_1_13' title="bbox 79 1358 1148 1440; baseline 0.002 -19"><span class='ocrx_word' id='word_1_95' title='bbox 79 1361 150 1440; x_wconf 89' lang='lat' dir='ltr'><strong>quia</strong></span> <span class='ocrx_word' id='word_1_96' title='bbox 173 1360 313 1422; x_wconf 80' lang='lat' dir='ltr'><strong>Claudius</strong></span> <span class='ocrx_word' id='word_1_97' title='bbox 336 1360 435 1421; x_wconf 90' lang='lat' dir='ltr'><strong>causis</strong></span> <span class='ocrx_word' id='word_1_98' title='bbox 457 1358 631 1418; x_wconf 88' lang='lat' dir='ltr'><strong>rebellionis</strong></span> <span class='ocrx_word' id='word_1_99' title='bbox 663 1359 774 1418; x_wconf 89' lang='lat' dir='ltr'><strong>auditis</strong></span> <span class='ocrx_word' id='word_1_100' title='bbox 804 1358 850 1419; x_wconf 90' lang='lat' dir='ltr'><strong>ius</strong></span> <span class='ocrx_word' id='word_1_101' title='bbox 880 1359 1028 1419; x_wconf 88' lang='lat' dir='ltr'><strong>statuendi</strong></span> <span class='ocrx_word' id='word_1_102' title='bbox 1054 1361 1148 1423; x_wconf 86' lang='lat' dir='ltr'><strong>etiam</strong></span> 
     </span>
     <span class='ocr_line' id='line_1_14' title="bbox 80 1442 1184 1526; baseline -0.001 -20"><span class='ocrx_word' id='word_1_103' title='bbox 80 1445 118 1506; x_wconf 88' lang='lat' dir='ltr'><strong>de</strong></span> <span class='ocrx_word' id='word_1_104' title='bbox 139 1442 384 1523; x_wconf 88' lang='lat' dir='ltr'><strong>procuratoribus</strong></span> <span class='ocrx_word' id='word_1_105' title='bbox 408 1443 539 1503; x_wconf 88' lang='lat' dir='ltr'><strong>dederat.</strong></span> <span class='ocrx_word' id='word_1_106' title='bbox 575 1442 634 1521; x_wconf 88' lang='lat' dir='ltr'><strong>Sed</strong></span> <span class='ocrx_word' id='word_1_107' title='bbox 659 1442 828 1513; x_wconf 88' lang='lat' dir='ltr'><strong>Quadratus</strong></span> <span class='ocrx_word' id='word_1_108' title='bbox 850 1443 981 1503; x_wconf 88' lang='lat' dir='ltr'><strong>Felicem</strong></span> <span class='ocrx_word' id='word_1_109' title='bbox 1005 1443 1084 1504; x_wconf 90' lang='lat' dir='ltr'><strong>inter</strong></span> <span class='ocrx_word' id='word_1_110' title='bbox 1099 1445 1148 1505; x_wconf 85' lang='lat' dir='ltr'><strong>iu·</strong></span> <span class='ocrx_word' id='word_1_111' title='bbox 1181 1522 1184 1526; x_wconf 13' lang='grc' dir='ltr'><em>Α</em></span> 
     </span>
     <span class='ocr_line' id='line_1_15' title="bbox 80 1525 1148 1604; baseline -0.001 -14"><span class='ocrx_word' id='word_1_112' title='bbox 80 1529 163 1590; x_wconf 89' lang='lat' dir='ltr'><strong>dices</strong></span> <span class='ocrx_word' id='word_1_113' title='bbox 186 1528 361 1598; x_wconf 83' lang='lat' dir='ltr'><strong>ostentarit,</strong></span> <span class='ocrx_word' id='word_1_114' title='bbox 384 1536 537 1604; x_wconf 90' lang='lat' dir='ltr'><strong>receptum</strong></span> <span class='ocrx_word' id='word_1_115' title='bbox 567 1528 597 1586; x_wconf 90' lang='lat' dir='ltr'><strong>iu</strong></span> <span class='ocrx_word' id='word_1_116' title='bbox 622 1525 767 1596; x_wconf 90' lang='lat' dir='ltr'><strong>tribunal,</strong></span> <span class='ocrx_word' id='word_1_117' title='bbox 797 1544 855 1604; x_wconf 91' lang='lat' dir='ltr'><strong>quo</strong></span> <span class='ocrx_word' id='word_1_118' title='bbox 878 1526 977 1587; x_wconf 89' lang='lat' dir='ltr'><strong>studia</strong></span> <span class='ocrx_word' id='word_1_119' title='bbox 995 1528 1148 1589; x_wconf 82' lang='lat' dir='ltr'><strong>&#39;accusan-</strong></span> 
     </span>
     <span class='ocr_line' id='line_1_16' title="bbox 80 1610 1188 1688; baseline 0.001 -16"><span class='ocrx_word' id='word_1_120' title='bbox 80 1613 154 1673; x_wconf 87' lang='lat' dir='ltr'><strong>tium</strong></span> <span class='ocrx_word' id='word_1_121' title='bbox 177 1612 412 1687; x_wconf 74' lang='lat' dir='ltr'><strong>deterrerentur,</strong></span> <span class='ocrx_word' id='word_1_122' title='bbox 432 1610 661 1687; x_wconf 75' lang='lat' dir='ltr'><strong>&#39;daurnatusque</strong></span> <span class='ocrx_word' id='word_1_123' title='bbox 683 1610 864 1686; x_wconf 84' lang='lat' dir='ltr'><strong>flagitiorum</strong></span> <span class='ocrx_word' id='word_1_124' title='bbox 888 1628 964 1688; x_wconf 86' lang='lat' dir='ltr'><strong>quoe</strong></span> <span class='ocrx_word' id='word_1_125' title='bbox 982 1610 1045 1672; x_wconf 82' lang='lat' dir='ltr'><strong>&#39;duo</strong></span> <span class='ocrx_word' id='word_1_126' title='bbox 1067 1612 1188 1673; x_wconf 84' lang='lat' dir='ltr'><strong>deli-15</strong></span> 
     </span>
     <span class='ocr_line' id='line_1_17' title="bbox 81 1694 1148 1775; baseline -0.004 -18"><span class='ocrx_word' id='word_1_127' title='bbox 81 1704 207 1775; x_wconf 91' lang='lat' dir='ltr'><strong>querant</strong></span> <span class='ocrx_word' id='word_1_128' title='bbox 228 1696 392 1766; x_wconf 76' lang='lat' dir='ltr'><strong>CumanuS,</strong></span> <span class='ocrx_word' id='word_1_129' title='bbox 416 1702 447 1755; x_wconf 91' lang='lat' dir='ltr'><strong>et</strong></span> <span class='ocrx_word' id='word_1_130' title='bbox 468 1695 553 1774; x_wconf 89' lang='lat' dir='ltr'><strong>quies</strong></span> <span class='ocrx_word' id='word_1_131' title='bbox 576 1694 749 1773; x_wconf 85' lang='lat' dir='ltr'><strong>provinciae</strong></span> <span class='ocrx_word' id='word_1_132' title='bbox 771 1695 895 1756; x_wconf 82' lang='lat' dir='ltr'><strong>reddita.</strong></span> <span class='ocrx_word' id='word_1_133' title='bbox 1078 1770 1081 1774; x_wconf 15' lang='grc' dir='ltr'><strong>μ</strong></span> <span class='ocrx_word' id='word_1_134' title='bbox 1133 1765 1148 1773; x_wconf 22' lang='grc' dir='ltr'><strong>ξ</strong></span> 
     </span>
     <span class='ocr_line' id='line_1_18' title="bbox 29 1777 1148 1857; baseline -0.001 -16"><span class='ocrx_word' id='word_1_135' title='bbox 29 1781 69 1841; x_wconf 88' lang='lat'><strong>55</strong></span> <span class='ocrx_word' id='word_1_136' title='bbox 165 1779 227 1840; x_wconf 89' lang='lat' dir='ltr'><strong>Nec</strong></span> <span class='ocrx_word' id='word_1_137' title='bbox 260 1780 352 1840; x_wconf 91' lang='lat' dir='ltr'><strong>multo</strong></span> <span class='ocrx_word' id='word_1_138' title='bbox 386 1787 456 1857; x_wconf 89' lang='lat' dir='ltr'><strong>post</strong></span> <span class='ocrx_word' id='word_1_139' title='bbox 488 1779 651 1856; x_wconf 83' lang='lat' dir='ltr'><strong>agrestium</strong></span> <span class='ocrx_word' id='word_1_140' title='bbox 685 1778 810 1838; x_wconf 86' lang='lat' dir='ltr'><strong>Cilicum</strong></span> <span class='ocrx_word' id='word_1_141' title='bbox 844 1778 997 1851; x_wconf 85' lang='lat' dir='ltr'><strong>nationes,</strong></span> <span class='ocrx_word' id='word_1_142' title='bbox 1033 1777 1148 1857; x_wconf 87' lang='lat' dir='ltr'><strong>quibus</strong></span> 
     </span>
     <span class='ocr_line' id='line_1_19' title="bbox 81 1862 1148 1942; baseline -0.002 -16"><span class='ocrx_word' id='word_1_143' title='bbox 81 1863 223 1926; x_wconf 84' lang='lat' dir='ltr'><strong>Clitarum</strong></span> <span class='ocrx_word' id='word_1_144' title='bbox 247 1872 492 1942; x_wconf 83' lang='lat' dir='ltr'><strong>cognomentum,</strong></span> <span class='ocrx_word' id='word_1_145' title='bbox 516 1881 606 1940; x_wconf 89' lang='lat' dir='ltr'><strong>saepe</strong></span> <span class='ocrx_word' id='word_1_146' title='bbox 629 1869 659 1921; x_wconf 89' lang='lat' dir='ltr'><strong>et</strong></span> <span class='ocrx_word' id='word_1_147' title='bbox 680 1862 754 1922; x_wconf 93' lang='lat' dir='ltr'><strong>alias</strong></span> <span class='ocrx_word' id='word_1_148' title='bbox 778 1870 960 1935; x_wconf 87' lang='lat' dir='ltr'><strong>commotae,</strong></span> <span class='ocrx_word' id='word_1_149' title='bbox 983 1863 1148 1924; x_wconf 80' lang='lat' dir='ltr'><strong>ttrnc&#39;l&#39;ro-</strong></span> 
     </span>
     <span class='ocr_line' id='line_1_20' title="bbox 80 1945 1209 2025; baseline -0.001 -16"><span class='ocrx_word' id='word_1_150' title='bbox 80 1947 193 2009; x_wconf 80' lang='lat' dir='ltr'><strong>robore</strong></span> <span class='ocrx_word' id='word_1_151' title='bbox 215 1947 291 2009; x_wconf 91' lang='lat' dir='ltr'><strong>duce</strong></span> <span class='ocrx_word' id='word_1_152' title='bbox 313 1956 431 2009; x_wconf 91' lang='lat' dir='ltr'><strong>montes</strong></span> <span class='ocrx_word' id='word_1_153' title='bbox 454 1964 577 2024; x_wconf 88' lang='lat' dir='ltr'><strong>asperos</strong></span> <span class='ocrx_word' id='word_1_154' title='bbox 601 1945 707 2004; x_wconf 84' lang='lat' dir='ltr'><strong>castris</strong></span> <span class='ocrx_word' id='word_1_155' title='bbox 729 1963 854 2022; x_wconf 81' lang='lat' dir='ltr'><strong>cepere3</strong></span> <span class='ocrx_word' id='word_1_156' title='bbox 888 1955 977 2025; x_wconf 89' lang='lat' dir='ltr'><strong>atque</strong></span> <span class='ocrx_word' id='word_1_157' title='bbox 998 1946 1071 2007; x_wconf 86' lang='lat' dir='ltr'><strong>iude</strong></span> <span class='ocrx_word' id='word_1_158' title='bbox 1091 1949 1152 2009; x_wconf 59' lang='lat' dir='ltr'><strong>dess</strong></span> <span class='ocrx_word' id='word_1_159' title='bbox 1206 1960 1209 1977; x_wconf 82' lang='lat'><strong>¹</strong></span> 
     </span>
     <span class='ocr_line' id='line_1_21' title="bbox 81 2027 1190 2109; baseline 0.003 -18"><span class='ocrx_word' id='word_1_160' title='bbox 81 2049 171 2092; x_wconf 88' lang='lat' dir='ltr'><strong>cursu</strong></span> <span class='ocrx_word' id='word_1_161' title='bbox 194 2031 335 2092; x_wconf 90' lang='lat' dir='ltr'><strong>inlitora</strong></span> <span class='ocrx_word' id='word_1_162' title='bbox 359 2027 518 2090; x_wconf 88' lang='lat' dir='ltr'><strong>auturbes</strong></span> <span class='ocrx_word' id='word_1_163' title='bbox 547 2028 605 2087; x_wconf 84' lang='lat' dir='ltr'><strong>rim</strong></span> <span class='ocrx_word' id='word_1_164' title='bbox 634 2027 799 2088; x_wconf 89' lang='lat' dir='ltr'><strong>cultoribus</strong></span> <span class='ocrx_word' id='word_1_165' title='bbox 834 2038 863 2088; x_wconf 90' lang='lat' dir='ltr'><strong>et</strong></span> <span class='ocrx_word' id='word_1_166' title='bbox 895 2030 1071 2109; x_wconf 79' lang='lat' dir='ltr'><strong>oppidanis,</strong></span> <span class='ocrx_word' id='word_1_167' title='bbox 1109 2042 1190 2094; x_wconf 71' lang='lat' dir='ltr'><strong>acab</strong></span> 
     </span>
     <span class='ocr_line' id='line_1_22' title="bbox 79 2110 1149 2192; baseline 0.002 -18"><span class='ocrx_word' id='word_1_168' title='bbox 79 2114 257 2192; x_wconf 89' lang='lat' dir='ltr'><strong>plerumque</strong></span> <span class='ocrx_word' id='word_1_169' title='bbox 280 2115 311 2174; x_wconf 89' lang='lat' dir='ltr'><strong>in</strong></span> <span class='ocrx_word' id='word_1_170' title='bbox 333 2121 515 2172; x_wconf 88' lang='lat' dir='ltr'><strong>mercatores</strong></span> <span class='ocrx_word' id='word_1_171' title='bbox 538 2119 568 2171; x_wconf 90' lang='lat' dir='ltr'><strong>et</strong></span> <span class='ocrx_word' id='word_1_172' title='bbox 590 2110 786 2171; x_wconf 87' lang='lat' dir='ltr'><strong>navicularios</strong></span> <span class='ocrx_word' id='word_1_173' title='bbox 803 2113 960 2182; x_wconf 70' lang='lat' dir='ltr'><strong>auriebant.</strong></span> <span class='ocrx_word' id='word_1_174' title='bbox 998 2115 1149 2176; x_wconf 85' lang='lat' dir='ltr'><strong>Obsessa-</strong></span> 
     </span>
    </p>

    <p class='ocr_par' dir='ltr' id='par_1_3' title="bbox 1 2194 1233 2607">
     <span class='ocr_line' id='line_1_23' title="bbox 1 2194 1150 2277; baseline 0.002 -19"><span class='ocrx_word' id='word_1_175' title='bbox 1 2204 2 2208; x_wconf 77' lang='grc'>’</span> <span class='ocrx_word' id='word_1_176' title='bbox 82 2217 140 2277; x_wconf 90' lang='lat' dir='ltr'><strong>que</strong></span> <span class='ocrx_word' id='word_1_177' title='bbox 174 2198 278 2265; x_wconf 78' lang='lat' dir='ltr'><strong>ciuitas</strong></span> <span class='ocrx_word' id='word_1_178' title='bbox 306 2194 549 2266; x_wconf 80' lang='lat' dir='ltr'><strong>Anemuriensis3</strong></span> <span class='ocrx_word' id='word_1_179' title='bbox 587 2203 617 2255; x_wconf 92' lang='lat' dir='ltr'><strong>et</strong></span> <span class='ocrx_word' id='word_1_180' title='bbox 645 2195 730 2254; x_wconf 81' lang='lat' dir='ltr'><strong>missi</strong></span> <span class='ocrx_word' id='word_1_181' title='bbox 760 2216 777 2257; x_wconf 90' lang='lat' dir='ltr'><strong>e</strong></span> <span class='ocrx_word' id='word_1_182' title='bbox 805 2198 888 2275; x_wconf 76' lang='lat' dir='ltr'><strong>Syria</strong></span> <span class='ocrx_word' id='word_1_183' title='bbox 918 2197 949 2258; x_wconf 94' lang='lat' dir='ltr'><strong>in</strong></span> <span class='ocrx_word' id='word_1_184' title='bbox 976 2197 1150 2261; x_wconf 84' lang='lat' dir='ltr'><strong>subsidium</strong></span> 
     </span>
     <span class='ocr_line' id='line_1_24' title="bbox 82 2277 1148 2361; baseline 0.003 -21"><span class='ocrx_word' id='word_1_185' title='bbox 82 2281 199 2361; x_wconf 88' lang='lat' dir='ltr'><strong>equites</strong></span> <span class='ocrx_word' id='word_1_186' title='bbox 228 2298 295 2341; x_wconf 86' lang='lat' dir='ltr'><strong>curn</strong></span> <span class='ocrx_word' id='word_1_187' title='bbox 324 2278 476 2355; x_wconf 88' lang='lat' dir='ltr'><strong>praelecto</strong></span> <span class='ocrx_word' id='word_1_188' title='bbox 499 2277 601 2339; x_wconf 83' lang='lat' dir='ltr'><strong>Curtio</strong></span> <span class='ocrx_word' id='word_1_189' title='bbox 625 2279 735 2340; x_wconf 84' lang='lat' dir='ltr'><strong>Severo</strong></span> <span class='ocrx_word' id='word_1_190' title='bbox 758 2281 929 2357; x_wconf 84' lang='lat' dir='ltr'><strong>turbantur,</strong></span> <span class='ocrx_word' id='word_1_191' title='bbox 965 2283 1044 2360; x_wconf 91' lang='lat' dir='ltr'><strong>quod</strong></span> <span class='ocrx_word' id='word_1_192' title='bbox 1079 2283 1148 2343; x_wconf 93' lang='lat' dir='ltr'><strong>duri</strong></span> 
     </span>
     <span class='ocr_line' id='line_1_25' title="bbox 82 2360 1233 2445; baseline 0.005 -23"><span class='ocrx_word' id='word_1_193' title='bbox 82 2363 194 2423; x_wconf 88' lang='lat' dir='ltr'><strong>circum</strong></span> <span class='ocrx_word' id='word_1_194' title='bbox 227 2361 284 2420; x_wconf 89' lang='lat' dir='ltr'><strong>loci</strong></span> <span class='ocrx_word' id='word_1_195' title='bbox 314 2360 524 2438; x_wconf 89' lang='lat' dir='ltr'><strong>peditibusque</strong></span> <span class='ocrx_word' id='word_1_196' title='bbox 553 2362 588 2422; x_wconf 93' lang='lat' dir='ltr'><strong>ad</strong></span> <span class='ocrx_word' id='word_1_197' title='bbox 611 2381 742 2440; x_wconf 83' lang='lat' dir='ltr'><strong>pugnam</strong></span> <span class='ocrx_word' id='word_1_198' title='bbox 771 2365 871 2424; x_wconf 90' lang='lat' dir='ltr'><strong>idonei</strong></span> <span class='ocrx_word' id='word_1_199' title='bbox 894 2375 1034 2443; x_wconf 83' lang='lat' dir='ltr'><strong>equestre</strong></span> <span class='ocrx_word' id='word_1_200' title='bbox 1056 2384 1146 2445; x_wconf 90' lang='lat' dir='ltr'><strong>proe·</strong></span> <span class='ocrx_word' id='word_1_201' title='bbox 1231 2414 1233 2419; x_wconf 84' lang='lat'>.</span> 
     </span>
     <span class='ocr_line' id='line_1_26' title="bbox 80 2443 1189 2522; baseline 0.006 -16"><span class='ocrx_word' id='word_1_202' title='bbox 80 2446 153 2506; x_wconf 90' lang='lat' dir='ltr'><strong>lium</strong></span> <span class='ocrx_word' id='word_1_203' title='bbox 176 2443 254 2504; x_wconf 91' lang='lat' dir='ltr'><strong>haud</strong></span> <span class='ocrx_word' id='word_1_204' title='bbox 276 2443 476 2522; x_wconf 89' lang='lat' dir='ltr'><strong>patiebantur.</strong></span> <span class='ocrx_word' id='word_1_205' title='bbox 512 2446 587 2507; x_wconf 88' lang='lat' dir='ltr'><strong>Dein</strong></span> <span class='ocrx_word' id='word_1_206' title='bbox 609 2466 661 2508; x_wconf 81' lang='lat' dir='ltr'><strong>rex</strong></span> <span class='ocrx_word' id='word_1_207' title='bbox 683 2447 747 2509; x_wconf 92' lang='lat' dir='ltr'><strong>eius</strong></span> <span class='ocrx_word' id='word_1_208' title='bbox 770 2466 840 2507; x_wconf 88' lang='lat' dir='ltr'><strong>orae</strong></span> <span class='ocrx_word' id='word_1_209' title='bbox 862 2449 1037 2521; x_wconf 76' lang='lat' dir='ltr'><strong>Antiochus,</strong></span> <span class='ocrx_word' id='word_1_210' title='bbox 1060 2451 1189 2513; x_wconf 82' lang='lat' dir='ltr'><strong>blan-25</strong></span> 
     </span>
     <span class='ocr_line' id='line_1_27' title="bbox 83 2526 1150 2607; baseline 0.007 -19"><span class='ocrx_word' id='word_1_211' title='bbox 83 2526 224 2589; x_wconf 88' lang='lat' dir='ltr'><strong>dimentis</strong></span> <span class='ocrx_word' id='word_1_212' title='bbox 247 2529 402 2588; x_wconf 90' lang='lat' dir='ltr'><strong>adversum</strong></span> <span class='ocrx_word' id='word_1_213' title='bbox 427 2530 558 2607; x_wconf 91' lang='lat' dir='ltr'><strong>plebem,</strong></span> <span class='ocrx_word' id='word_1_214' title='bbox 593 2532 697 2591; x_wconf 85' lang='lat' dir='ltr'><strong>frande</strong></span> <span class='ocrx_word' id='word_1_215' title='bbox 727 2533 757 2592; x_wconf 91' lang='lat' dir='ltr'><strong>in</strong></span> <span class='ocrx_word' id='word_1_216' title='bbox 781 2532 885 2593; x_wconf 90' lang='lat' dir='ltr'><strong>ducem</strong></span> <span class='ocrx_word' id='word_1_217' title='bbox 906 2553 977 2595; x_wconf 53' lang='lat' dir='ltr'><strong>&#39;eum</strong></span> <span class='ocrx_word' id='word_1_218' title='bbox 1001 2534 1150 2605; x_wconf 86' lang='lat' dir='ltr'><strong>barbaro-</strong></span> 
     </span>
    </p>

    <p class='ocr_par' dir='ltr' id='par_1_4' title="bbox 51 2612 1199 2701">
     <span class='ocr_line' id='line_1_28' title="bbox 51 2612 1199 2701; baseline 0.008 -29"><span class='ocrx_word' id='word_1_219' title='bbox 51 2613 146 2673; x_wconf 88' lang='lat' dir='ltr'><strong>&#39;rum</strong></span> <span class='ocrx_word' id='word_1_220' title='bbox 178 2612 282 2692; x_wconf 90' lang='lat' dir='ltr'><strong>copias</strong></span> <span class='ocrx_word' id='word_1_221' title='bbox 314 2612 525 2694; x_wconf 84' lang='lat' dir='ltr'><strong>dissociasaet,</strong></span> <span class='ocrx_word' id='word_1_222' title='bbox 564 2615 737 2677; x_wconf 83' lang='lat' dir='ltr'><strong>Troxobore</strong></span> <span class='ocrx_word' id='word_1_223' title='bbox 764 2617 928 2697; x_wconf 90' lang='lat' dir='ltr'><strong>paucisque</strong></span> <span class='ocrx_word' id='word_1_224' title='bbox 961 2616 1148 2701; x_wconf 90' lang='lat' dir='ltr'><strong>primoribus</strong></span> <span class='ocrx_word' id='word_1_225' title='bbox 1196 2663 1199 2673; x_wconf 34' lang='grc' dir='ltr'><strong><em>ι</em></strong></span> 
     </span>
    </p>

    <p class='ocr_par' dir='ltr' id='par_1_5' title="bbox 21 2693 769 2778">
     <span class='ocr_line' id='line_1_29' title="bbox 21 2693 769 2778; baseline 0.004 -21"><span class='ocrx_word' id='word_1_226' title='bbox 21 2716 23 2724; x_wconf 80' lang='grc'><strong>’</strong></span> <span class='ocrx_word' id='word_1_227' title='bbox 81 2693 245 2758; x_wconf 76' lang='lat' dir='ltr'><strong>interfectis</strong></span> <span class='ocrx_word' id='word_1_228' title='bbox 268 2706 385 2758; x_wconf 91' lang='lat' dir='ltr'><strong>ceteros</strong></span> <span class='ocrx_word' id='word_1_229' title='bbox 409 2698 565 2760; x_wconf 88' lang='lat' dir='ltr'><strong>clementia</strong></span> <span class='ocrx_word' id='word_1_230' title='bbox 589 2699 769 2778; x_wconf 90' lang='lat' dir='ltr'><strong>composuit.</strong></span> 
     </span>
    </p>

    <p class='ocr_par' dir='ltr' id='par_1_6' title="bbox 30 2781 1150 2866">
     <span class='ocr_line' id='line_1_30' title="bbox 30 2781 1150 2866; baseline 0.006 -25"><span class='ocrx_word' id='word_1_231' title='bbox 30 2781 71 2844; x_wconf 89' lang='grc'><strong>56</strong></span> <span class='ocrx_word' id='word_1_232' title='bbox 166 2781 227 2843; x_wconf 87' lang='lat' dir='ltr'><strong>Sub</strong></span> <span class='ocrx_word' id='word_1_233' title='bbox 258 2782 338 2843; x_wconf 90' lang='lat' dir='ltr'><strong>idem</strong></span> <span class='ocrx_word' id='word_1_234' title='bbox 361 2785 580 2862; x_wconf 84' lang='lat' dir='ltr'><strong>tempusinter</strong></span> <span class='ocrx_word' id='word_1_235' title='bbox 606 2784 703 2846; x_wconf 91' lang='lat' dir='ltr'><strong>lacum</strong></span> <span class='ocrx_word' id='word_1_236' title='bbox 724 2783 869 2844; x_wconf 88' lang='lat' dir='ltr'><strong>Fucinum</strong></span> <span class='ocrx_word' id='word_1_237' title='bbox 893 2804 1071 2866; x_wconf 87' lang='lat' dir='ltr'><strong>amnemque</strong></span> <span class='ocrx_word' id='word_1_238' title='bbox 1096 2787 1150 2848; x_wconf 87' lang='lat' dir='ltr'><strong>Li-</strong></span> 
     </span>
    </p>
   </div>
   <div class='ocr_carea' id='block_1_3' title="bbox 3 2994 1185 3939">
    <p class='ocr_par' dir='ltr' id='par_1_7' title="bbox 62 2994 1185 3131">
     <span class='ocr_line' id='line_1_31' title="bbox 80 2994 1185 3060; baseline 0 -16"><span class='ocrx_word' id='word_1_239' title='bbox 80 3001 165 3044; x_wconf 73' lang='lat' dir='ltr'><strong>cassat</strong></span> <span class='ocrx_word' id='word_1_240' title='bbox 181 3001 350 3060; x_wconf 79' lang='lat' dir='ltr'><strong>ornassetque</strong></span> <span class='ocrx_word' id='word_1_241' title='bbox 368 2997 470 3050; x_wconf 82' lang='lat' dir='ltr'><strong>clamer.</strong></span> <span class='ocrx_word' id='word_1_242' title='bbox 488 2999 514 3050; x_wconf 87' lang='lat' dir='ltr'><strong>b.</strong></span> <span class='ocrx_word' id='word_1_243' title='bbox 530 2999 585 3049; x_wconf 81' lang='lat' dir='ltr'><strong>Alr.</strong></span> <span class='ocrx_word' id='word_1_244' title='bbox 639 2994 952 3057; x_wconf 78' lang='lat' dir='ltr'><strong>aneinautlergreuzeuden</strong></span> <span class='ocrx_word' id='word_1_245' title='bbox 976 2997 1065 3048; x_wconf 85' lang='lat' dir='ltr'><strong>Tbeilc</strong></span> <span class='ocrx_word' id='word_1_246' title='bbox 1090 3000 1154 3050; x_wconf 88' lang='lat' dir='ltr'><strong>der.</strong></span> <span class='ocrx_word' id='word_1_247' title='bbox 1181 3007 1185 3021; x_wconf 67' lang='lat'>⁸</span> 
     </span>
     <span class='ocr_line' id='line_1_32' title="bbox 62 3065 732 3131; baseline 0 -19"><span class='ocrx_word' id='word_1_248' title='bbox 62 3065 120 3124; x_wconf 9' lang='lat' dir='ltr'><strong>nst.</strong></span> <span class='ocrx_word' id='word_1_249' title='bbox 142 3065 314 3125; x_wconf 75' lang='lat' dir='ltr'><strong>lpoatqucm</strong></span> <span class='ocrx_word' id='word_1_250' title='bbox 332 3065 398 3114; x_wconf 86' lang='lat' dir='ltr'><strong>Iullo</strong></span> <span class='ocrx_word' id='word_1_251' title='bbox 417 3072 479 3116; x_wconf 81' lang='lat' dir='ltr'><strong>ante</strong></span> <span class='ocrx_word' id='word_1_252' title='bbox 492 3070 587 3131; x_wconf 80' lang='lat' dir='ltr'><strong>portas</strong></span> <span class='ocrx_word' id='word_1_253' title='bbox 639 3065 732 3115; x_wconf 85' lang='lat' dir='ltr'><strong>selben.</strong></span> 
     </span>
    </p>

    <p class='ocr_par' dir='ltr' id='par_1_8' title="bbox 3 3127 1153 3460">
     <span class='ocr_line' id='line_1_33' title="bbox 3 3127 1078 3198; baseline 0.007 -23"><span class='ocrx_word' id='word_1_254' title='bbox 3 3146 6 3151; x_wconf 91' lang='grc'><em>·</em></span> <span class='ocrx_word' id='word_1_255' title='bbox 81 3127 128 3176; x_wconf 85' lang='lat' dir='ltr'><strong>diu</strong></span> <span class='ocrx_word' id='word_1_256' title='bbox 144 3128 309 3194; x_wconf 85' lang='lat' dir='ltr'><strong>multumque</strong></span> <span class='ocrx_word' id='word_1_257' title='bbox 325 3135 512 3198; x_wconf 72' lang='lat' dir='ltr'><strong>rniumegr&#39;mct</strong></span> <span class='ocrx_word' id='word_1_258' title='bbox 528 3145 587 3180; x_wconf 78' lang='lat' dir='ltr'><strong>mum</strong></span> <span class='ocrx_word' id='word_1_259' title='bbox 672 3133 696 3183; x_wconf 81' lang='grc'><strong>8.</strong></span> <span class='ocrx_word' id='word_1_260' title='bbox 718 3127 878 3191; x_wconf 75' lang='lat' dir='ltr'><strong>Quadratus.</strong></span> <span class='ocrx_word' id='word_1_261' title='bbox 897 3128 924 3178; x_wconf 85' lang='lat' dir='ltr'><strong>S.</strong></span> <span class='ocrx_word' id='word_1_262' title='bbox 945 3145 976 3179; x_wconf 88' lang='lat' dir='ltr'><strong>zu</strong></span> <span class='ocrx_word' id='word_1_263' title='bbox 994 3145 1016 3178; x_wconf 93' lang='lat' dir='ltr'><strong>c.</strong></span> <span class='ocrx_word' id='word_1_264' title='bbox 1036 3133 1078 3182; x_wconf 77' lang='lat' dir='ltr'><strong>tt.</strong></span> 
     </span>
     <span class='ocr_line' id='line_1_34' title="bbox 80 3192 1124 3252; baseline 0 -8"><span class='ocrx_word' id='word_1_265' title='bbox 80 3194 260 3245; x_wconf 76' lang='lat' dir='ltr'><strong>Zamensibrm.</strong></span> <span class='ocrx_word' id='word_1_266' title='bbox 282 3197 338 3249; x_wconf 87' lang='lat' dir='ltr'><strong>Val.</strong></span> <span class='ocrx_word' id='word_1_267' title='bbox 359 3199 427 3250; x_wconf 84' lang='lat' dir='ltr'><strong>Max.</strong></span> <span class='ocrx_word' id='word_1_268' title='bbox 448 3199 479 3251; x_wconf 91' lang='lat' dir='ltr'><strong>V.</strong></span> <span class='ocrx_word' id='word_1_269' title='bbox 499 3201 513 3248; x_wconf 83' lang='lat'><strong>7</strong></span> <span class='ocrx_word' id='word_1_270' title='bbox 532 3204 583 3245; x_wconf 84' lang='lat' dir='ltr'><strong>ext.</strong></span> <span class='ocrx_word' id='word_1_271' title='bbox 672 3195 727 3251; x_wconf 74' lang='grc'><strong>55.</strong></span> <span class='ocrx_word' id='word_1_272' title='bbox 751 3197 788 3245; x_wconf 84' lang='lat'><strong>18.</strong></span> <span class='ocrx_word' id='word_1_273' title='bbox 810 3192 947 3244; x_wconf 79' lang='lat' dir='ltr'><strong>Clitarum.</strong></span> <span class='ocrx_word' id='word_1_274' title='bbox 968 3196 995 3246; x_wconf 85' lang='lat' dir='ltr'><strong>S.</strong></span> <span class='ocrx_word' id='word_1_275' title='bbox 1014 3195 1059 3246; x_wconf 70' lang='lat' dir='ltr'><strong>ut.</strong></span> <span class='ocrx_word' id='word_1_276' title='bbox 1080 3201 1124 3252; x_wconf 81' lang='grc'><strong>41,</strong></span> 
     </span>
     <span class='ocr_line' id='line_1_35' title="bbox 81 3260 1153 3327; baseline 0.005 -15"><span class='ocrx_word' id='word_1_277' title='bbox 81 3263 253 3326; x_wconf 82' lang='lat' dir='ltr'><strong>2poatquam</strong></span> <span class='ocrx_word' id='word_1_278' title='bbox 269 3263 357 3327; x_wconf 80' lang='lat' dir='ltr'><strong>filium</strong></span> <span class='ocrx_word' id='word_1_279' title='bbox 374 3268 403 3315; x_wconf 82' lang='lat' dir='ltr'><strong>in</strong></span> <span class='ocrx_word' id='word_1_280' title='bbox 421 3262 506 3314; x_wconf 66' lang='lat' dir='ltr'><strong>cornu</strong></span> <span class='ocrx_word' id='word_1_281' title='bbox 522 3264 587 3311; x_wconf 79' lang='lat' dir='ltr'><strong>scri·</strong></span> <span class='ocrx_word' id='word_1_282' title='bbox 664 3264 713 3327; x_wconf 68' lang='lat'><strong>22.</strong></span> <span class='ocrx_word' id='word_1_283' title='bbox 733 3261 908 3310; x_wconf 77' lang='lat' dir='ltr'><strong>Anemurium</strong></span> <span class='ocrx_word' id='word_1_284' title='bbox 932 3260 974 3324; x_wconf 75' lang='lat' dir='ltr'><strong>laq</strong></span> <span class='ocrx_word' id='word_1_285' title='bbox 997 3262 1021 3310; x_wconf 91' lang='lat' dir='ltr'><strong>in</strong></span> <span class='ocrx_word' id='word_1_286' title='bbox 1041 3261 1153 3317; x_wconf 85' lang='lat' dir='ltr'><strong>Cilicien</strong></span> 
     </span>
     <span class='ocr_line' id='line_1_36' title="bbox 81 3326 775 3393; baseline -0.001 -16"><span class='ocrx_word' id='word_1_287' title='bbox 81 3329 128 3378; x_wconf 87' lang='lat' dir='ltr'><strong>buc</strong></span> <span class='ocrx_word' id='word_1_288' title='bbox 145 3329 313 3382; x_wconf 73' lang='lat' dir='ltr'><strong>humiliorum</strong></span> <span class='ocrx_word' id='word_1_289' title='bbox 338 3333 450 3393; x_wconf 80' lang='lat' dir='ltr'><strong>fortuna</strong></span> <span class='ocrx_word' id='word_1_290' title='bbox 477 3343 527 3378; x_wconf 80' lang='lat' dir='ltr'><strong>suc</strong></span> <span class='ocrx_word' id='word_1_291' title='bbox 550 3326 587 3387; x_wconf 85' lang='lat' dir='ltr'><strong>lo·</strong></span> <span class='ocrx_word' id='word_1_292' title='bbox 639 3343 678 3377; x_wconf 86' lang='lat' dir='ltr'><strong>am</strong></span> <span class='ocrx_word' id='word_1_293' title='bbox 697 3326 775 3378; x_wconf 88' lang='lat' dir='ltr'><strong>bleer.</strong></span> 
     </span>
     <span class='ocr_line' id='line_1_37' title="bbox 80 3395 1153 3460; baseline 0.004 -15"><span class='ocrx_word' id='word_1_294' title='bbox 80 3410 139 3446; x_wconf 85' lang='lat' dir='ltr'><strong>cum</strong></span> <span class='ocrx_word' id='word_1_295' title='bbox 157 3399 315 3449; x_wconf 81' lang='lat' dir='ltr'><strong>obtinentem</strong></span> <span class='ocrx_word' id='word_1_296' title='bbox 333 3397 519 3459; x_wconf 74' lang='lat' dir='ltr'><strong>conepcumcet.</strong></span> <span class='ocrx_word' id='word_1_297' title='bbox 671 3397 712 3447; x_wconf 80' lang='grc'><strong>25.</strong></span> <span class='ocrx_word' id='word_1_298' title='bbox 732 3395 889 3460; x_wconf 77' lang='lat' dir='ltr'><strong>Antiochus,</strong></span> <span class='ocrx_word' id='word_1_299' title='bbox 907 3395 990 3459; x_wconf 77' lang='lat' dir='ltr'><strong>Konig</strong></span> <span class='ocrx_word' id='word_1_300' title='bbox 1006 3410 1055 3445; x_wconf 84' lang='lat' dir='ltr'><strong>von</strong></span> <span class='ocrx_word' id='word_1_301' title='bbox 1076 3395 1153 3450; x_wconf 89' lang='lat' dir='ltr'><strong>Com·</strong></span> 
     </span>
    </p>

    <p class='ocr_par' dir='ltr' id='par_1_9' title="bbox 78 3462 1153 3939">
     <span class='ocr_line' id='line_1_38' title="bbox 113 3462 1149 3532; baseline -0.003 -1"><span class='ocrx_word' id='word_1_302' title='bbox 113 3481 136 3531; x_wconf 79' lang='lat'><strong>2.</strong></span> <span class='ocrx_word' id='word_1_303' title='bbox 154 3481 246 3532; x_wconf 71' lang='lat' dir='ltr'><strong>diuum</strong></span> <span class='ocrx_word' id='word_1_304' title='bbox 263 3483 297 3532; x_wconf 89' lang='lat' dir='ltr'><strong>ist</strong></span> <span class='ocrx_word' id='word_1_305' title='bbox 314 3475 496 3529; x_wconf 87' lang='lat' dir='ltr'><strong>dachutrurn.</strong></span> <span class='ocrx_word' id='word_1_306' title='bbox 533 3476 586 3527; x_wconf 86' lang='lat' dir='ltr'><strong>Der</strong></span> <span class='ocrx_word' id='word_1_307' title='bbox 636 3462 1149 3526; x_wconf 62' lang='lat' dir='ltr'><strong>mdssessfl·X¹¹1·7·37·X¹V·26·fl·</strong></span> 
     </span>
     <span class='ocr_line' id='line_1_39' title="bbox 78 3529 829 3610; baseline 0.001 -16"><span class='ocrx_word' id='word_1_308' title='bbox 78 3544 342 3610; x_wconf 78' lang='lat' dir='ltr'><strong>Pluralistgesetzt‚</strong></span> <span class='ocrx_word' id='word_1_309' title='bbox 375 3543 458 3592; x_wconf 87' lang='lat' dir='ltr'><strong>iodem</strong></span> <span class='ocrx_word' id='word_1_310' title='bbox 486 3558 517 3592; x_wconf 91' lang='lat' dir='ltr'><strong>an</strong></span> <span class='ocrx_word' id='word_1_311' title='bbox 544 3544 585 3594; x_wconf 85' lang='lat' dir='ltr'><strong>die</strong></span> <span class='ocrx_word' id='word_1_312' title='bbox 639 3529 668 3579; x_wconf 75' lang='grc' dir='ltr'><strong>Η·</strong></span> <span class='ocrx_word' id='word_1_313' title='bbox 691 3534 732 3584; x_wconf 69' lang='grc'><strong>31·</strong></span> <span class='ocrx_word' id='word_1_314' title='bbox 753 3530 784 3584; x_wconf 85' lang='lat' dir='ltr'><strong>V·</strong></span> <span class='ocrx_word' id='word_1_315' title='bbox 807 3535 829 3584; x_wconf 81' lang='grc' dir='ltr'><strong>Ῑ·</strong></span> 
     </span>
     <span class='ocr_line' id='line_1_40' title="bbox 79 3609 1152 3674; baseline 0.007 -11"><span class='ocrx_word' id='word_1_316' title='bbox 79 3612 265 3666; x_wconf 82' lang='lat' dir='ltr'><strong>Bestaudtbeile</strong></span> <span class='ocrx_word' id='word_1_317' title='bbox 284 3612 330 3660; x_wconf 86' lang='lat' dir='ltr'><strong>der</strong></span> <span class='ocrx_word' id='word_1_318' title='bbox 346 3609 453 3659; x_wconf 88' lang='lat' dir='ltr'><strong>Provinz</strong></span> <span class='ocrx_word' id='word_1_319' title='bbox 480 3612 587 3674; x_wconf 83' lang='lat' dir='ltr'><strong>gedacbt</strong></span> <span class='ocrx_word' id='word_1_320' title='bbox 674 3611 781 3672; x_wconf 76' lang='lat' dir='ltr'><strong>5b.2o.</strong></span> <span class='ocrx_word' id='word_1_321' title='bbox 804 3616 891 3666; x_wconf 84' lang='lat' dir='ltr'><strong>lacum</strong></span> <span class='ocrx_word' id='word_1_322' title='bbox 907 3616 1039 3668; x_wconf 55' lang='lat' dir='ltr'><strong>moinum</strong></span> <span class='ocrx_word' id='word_1_323' title='bbox 1057 3617 1152 3670; x_wconf 80' lang='lat' dir='ltr'><strong>dstlicb</strong></span> 
     </span>
     <span class='ocr_line' id='line_1_41' title="bbox 78 3675 1153 3750; baseline 0.011 -24"><span class='ocrx_word' id='word_1_324' title='bbox 78 3682 153 3733; x_wconf 63' lang='lat' dir='ltr'><strong>wirnt.</strong></span> <span class='ocrx_word' id='word_1_325' title='bbox 199 3678 246 3726; x_wconf 87' lang='lat' dir='ltr'><strong>Die</strong></span> <span class='ocrx_word' id='word_1_326' title='bbox 270 3675 423 3727; x_wconf 72' lang='lat' dir='ltr'><strong>Galilder</strong></span> <span class='ocrx_word' id='word_1_327' title='bbox 452 3680 500 3728; x_wconf 91' lang='lat' dir='ltr'><strong>uod</strong></span> <span class='ocrx_word' id='word_1_328' title='bbox 529 3680 587 3728; x_wconf 89' lang='lat' dir='ltr'><strong>Sa·</strong></span> <span class='ocrx_word' id='word_1_329' title='bbox 636 3683 808 3734; x_wconf 80' lang='lat' dir='ltr'><strong>voulloraiu</strong></span> <span class='ocrx_word' id='word_1_330' title='bbox 833 3684 1052 3750; x_wconf 78' lang='lat' dir='ltr'><strong>deudpenninen.</strong></span> <span class='ocrx_word' id='word_1_331' title='bbox 1097 3686 1153 3738; x_wconf 84' lang='lat' dir='ltr'><strong>llcr</strong></span> 
     </span>
     <span class='ocr_line' id='line_1_42' title="bbox 79 3744 1150 3816; baseline 0.006 -17"><span class='ocrx_word' id='word_1_332' title='bbox 79 3746 220 3799; x_wconf 86' lang='lat' dir='ltr'><strong>moriter</strong></span> <span class='ocrx_word' id='word_1_333' title='bbox 243 3746 356 3794; x_wconf 84' lang='lat' dir='ltr'><strong>rracbteu</strong></span> <span class='ocrx_word' id='word_1_334' title='bbox 381 3744 449 3795; x_wconf 86' lang='lat' dir='ltr'><strong>niclrt</strong></span> <span class='ocrx_word' id='word_1_335' title='bbox 467 3747 507 3796; x_wconf 88' lang='lat' dir='ltr'><strong>die</strong></span> <span class='ocrx_word' id='word_1_336' title='bbox 526 3762 586 3809; x_wconf 79' lang='lat' dir='ltr'><strong>gan·</strong></span> <span class='ocrx_word' id='word_1_337' title='bbox 636 3749 710 3800; x_wconf 79' lang='lat' dir='ltr'><strong>Lim&#39;r</strong></span> <span class='ocrx_word' id='word_1_338' title='bbox 734 3751 812 3801; x_wconf 91' lang='lat' dir='ltr'><strong>beisst</strong></span> <span class='ocrx_word' id='word_1_339' title='bbox 832 3752 900 3816; x_wconf 83' lang='lat' dir='ltr'><strong>jetat</strong></span> <span class='ocrx_word' id='word_1_340' title='bbox 916 3750 1072 3815; x_wconf 77' lang='lat' dir='ltr'><strong>Gurigliuno.</strong></span> <span class='ocrx_word' id='word_1_341' title='bbox 1121 3754 1150 3805; x_wconf 92' lang='lat' dir='ltr'><strong>ln</strong></span> 
     </span>
     <span class='ocr_line' id='line_1_43' title="bbox 79 3811 1152 3882; baseline 0.009 -18"><span class='ocrx_word' id='word_1_342' title='bbox 79 3830 124 3865; x_wconf 83' lang='lat' dir='ltr'><strong>zen</strong></span> <span class='ocrx_word' id='word_1_343' title='bbox 143 3811 282 3863; x_wconf 90' lang='lat' dir='ltr'><strong>Provinzcn</strong></span> <span class='ocrx_word' id='word_1_344' title='bbox 301 3813 346 3863; x_wconf 90' lang='lat' dir='ltr'><strong>der</strong></span> <span class='ocrx_word' id='word_1_345' title='bbox 363 3813 586 3865; x_wconf 88' lang='lat' dir='ltr'><strong>beidenProeura-</strong></span> <span class='ocrx_word' id='word_1_346' title='bbox 638 3816 725 3866; x_wconf 88' lang='lat' dir='ltr'><strong>diesen</strong></span> <span class='ocrx_word' id='word_1_347' title='bbox 753 3816 826 3868; x_wconf 85' lang='lat' dir='ltr'><strong>sollte</strong></span> <span class='ocrx_word' id='word_1_348' title='bbox 855 3818 901 3868; x_wconf 88' lang='lat' dir='ltr'><strong>der</strong></span> <span class='ocrx_word' id='word_1_349' title='bbox 926 3819 988 3881; x_wconf 64' lang='lat' dir='ltr'><strong>See,</strong></span> <span class='ocrx_word' id='word_1_350' title='bbox 1012 3819 1152 3882; x_wconf 72' lang='lat' dir='ltr'><strong>obgeleitct</strong></span> 
     </span>
     <span class='ocr_line' id='line_1_44' title="bbox 79 3881 990 3939; baseline 0.004 -7"><span class='ocrx_word' id='word_1_351' title='bbox 79 3889 152 3932; x_wconf 82' lang='lat' dir='ltr'><strong>toran</strong></span> <span class='ocrx_word' id='word_1_352' title='bbox 169 3895 222 3939; x_wconf 87' lang='lat' dir='ltr'><strong>aus,</strong></span> <span class='ocrx_word' id='word_1_353' title='bbox 243 3881 526 3934; x_wconf 85' lang='lat' dir='ltr'><strong>sondernwareobloss</strong></span> <span class='ocrx_word' id='word_1_354' title='bbox 544 3883 585 3934; x_wconf 88' lang='lat' dir='ltr'><strong>die</strong></span> <span class='ocrx_word' id='word_1_355' title='bbox 638 3885 748 3936; x_wconf 77' lang='lat' dir='ltr'><strong>tverdcn.</strong></span> <span class='ocrx_word' id='word_1_356' title='bbox 988 3892 990 3899; x_wconf 91' lang='lat'>&#39;</span> 
     </span>
    </p>
   </div>
   <div class='ocr_carea' id='block_1_4' title="bbox 0 0 1286 4340">
    <p class='ocr_par' dir='ltr' id='par_1_10' title="bbox 0 0 1286 4340">
     <span class='ocr_line' id='line_1_45' title="bbox 0 0 1286 4340; baseline 0 0"><span class='ocrx_word' id='word_1_357' title='bbox 0 0 1286 4340; x_wconf 95' lang='lat' dir='ltr'><strong> </strong></span> 
     </span>
    </p>
   </div>
  </div>
 </body>
</html>
