2550 4350
90 251 211 317 poure)
334 249 375 300 AB
393 248 545 301 EXCESSU
562 248 630 303 utvl
647 250 788 304 AUGUSTI
805 252 848 307 IV.
868 255 910 306 45.
996 260 999 265 '
1083 206 1144 309 845

93 415 252 487 tegeretur.
295 403 418 466 Habitus
440 413 537 467 tamen
566 405 712 485 supremis
738 406 850 482 honor,
879 426 1004 488 ossaque
1033 413 1145 473 tumulo

95 491 285 555 Octaviorum
308 489 395 550 inlata
417 508 472 568 per
492 490 640 552 decretum
663 501 792 552 senatus.

183 574 276 637 Isdem
301 573 469 636 oonsulibus
492 576 604 637 tacteus
626 585 707 637 atrox
729 576 759 637 in
781 576 918 638 citeriore
934 576 1071 658 Hispania
1094 579 1146 640 ad*
1157 584 1198 646 45

97 659 219 721 missum
240 679 256 721 a
278 659 402 738 quodam
426 660 533 738 agresti
554 659 681 722 nationis
704 660 914 723 Termestinae.
968 662 996 724 ls
1023 673 1144 743 praeto-

72 760 160 808 nrem
186 743 353 824 provinciae
374 744 408 805 L.
423 744 577 819 Pisonem,
609 763 680 823 paee
707 745 905 820 incuriosum,
937 747 1145 827 exinproviso

97 831 126 892 in
147 829 251 891 itinere
273 828 393 890 adortus
414 847 472 890 uno
495 829 614 891 vulnere
640 829 671 890 iu
693 838 816 892 mortem
840 832 961 907 adfecit3
991 850 1024 893 ao
1044 833 1145 912 perni-

96 915 180 978 citate
213 913 281 993 equi
313 915 473 994 profugus,
509 912 664 993 postquam
699 915 847 977 saltuosos
883 916 966 977 loros
1003 918 1146 996 attigerat,

94 999 217 1062 dimisso
241 1016 333 1077 equo,
359 1017 418 1077 per
445 999 567 1078 derupta
595 1006 624 1060 et
645 999 707 1061 arie
730 1000 879 1079 sequentis
909 1002 1067 1064 frustratus
1090 1012 1146 1064 est.

92 1085 193 1164 Neque
216 1084 265 1144 diu
288 1083 403 1157 fefellit3
426 1101 491 1144 nem
515 1102 624 1162 prenso
647 1085 792 1164 ductoque
812 1104 865 1171 per
885 1085 1036 1165 proximos
1058 1095 1164 1167 pagos

53 1181 181 1250 noeque,
205 1166 288 1229 euius
311 1168 387 1229 soret
408 1167 565 1246 cognitum.
597 1168 634 1230 Et
655 1180 789 1248 repertus
811 1188 874 1231 oum
891 1171 1045 1232 tormentis
1062 1172 1149 1234 edere

94 1253 231 1316 conscios
260 1251 441 1330 adigeretur,
473 1272 544 1314 roae
573 1272 675 1333 magna
703 1273 841 1316 sermone
866 1256 962 1335 patrio
985 1258 1093 1318 frustra
1115 1276 1148 1319 se

93 1337 268 1415 interrogari
291 1336 460 1398 clamitavit:
483 1338 658 1400 adsisterent
679 1339 751 1400 socii
774 1360 808 1401 ac
829 1348 1010 1419 spectarent3
1040 1342 1148 1404 nullam

93 1425 152 1484 vim
175 1430 283 1483 tautam
306 1423 418 1482 deteris
441 1426 504 1483 t'ore
526 1431 559 1483 ut
579 1423 730 1485 veritatem
753 1425 879 1486 eliceret.
923 1426 1061 1507 idemque
1084 1446 1150 1489 oum

95 1518 215 1589 postero
246 1506 512 1585 adauaestionem
541 1509 755 1582 retraheretur,
788 1529 824 1570 eo
852 1510 918 1572 nisu
943 1512 1089 1590 proripuit
1116 1512 1149 1572 se'

57 1605 87 1654 tu
98 1591 270 1655 custodibus
305 1610 434 1670 saxoque
467 1602 553 1671 eaput
588 1593 698 1652 addixit
732 1605 764 1655 ut
795 1595 892 1656 statim
924 1596 1149 1659 exanimaretur.

98 1678 157 1738 Sed
179 1676 248 1736 Piso
271 1676 522 1738 Termestinorum
546 1677 613 1736 dolo
636 1696 738 1737 caesus
761 1678 899 1751 habetur,
923 1679 989 1757 quia
1010 1682 1171 1759 pecunias·
1195 1696 1197 1701 '

99 1780 115 1822 e
144 1759 259 1904 prpblieo
291 1761 476 1849 interceptas¹
499 1756 614 1834 acrius,
647 1780 732 1838 quam
766 1772 798 1823 ut
835 1763 993 1823 tolerarent
1022 1765 1147 1839 barbari,

100 1853 231 1923 augeat.

98 1998 148 2054 1.5
171 1989 202 2046 ἓν
217 1990 250 2060 δὲ
269 1994 308 2061 τῷ
327 1988 445 2060 παρόνιι
469 1991 514 2045 καὶ
537 1991 600 2051 τοὺς
648 1997 802 2045 ravenensis
827 2011 874 2046 nur
896 1996 1080 2051 consulerisehe
1104 1998 1152 2050 Le·

88 2056 322 2134 γνωριρωτάτιιιις
343 2056 482 2129 Ῥωμαίων
510 2061 598 2114 nertst-
649 2070 721 2127 gaten
740 2063 846 2125 gesundt
862 2064 976 2114 werden.
1146 2131 1149 2136 Ι

92 2149 138 2183 κεν
156 2127 216 2182 ἀντὶ
239 2131 287 2192 τῆς
309 2123 473 2192 steropas
499 2125 599 2193 o'rnodp·
684 2133 722 2183 14.
745 2135 885 2196 proripere
908 2132 943 2182 ist
965 2133 1152 2198 ungewdhniioh

89 2197 158 2268 μίας
191 2196 274 2250 ἐκεῖσε
328 2199 405 2247 aanor
435 2199 599 2268 φιλομαθεῖς
647 2199 691 2249 mit
709 2201 763 2249 dem
774 2199 1011 2262 Dativverbnnden,
1032 2203 1093 2253 need
1108 2203 1153 2254 det·

93 2263 182 2322 ὄντας.
219 2266 276 2329 Vgt.
320 2280 357 2316 ao.
378 2269 408 2316 A.
420 2271 445 2319 4.
648 2267 769 2331 Analogie
786 2283 834 2318 von
852 2270 961 2334 eripere.

130 2340 151 2386 1.
170 2333 453 2385 demulodetavioram.
478 2335 538 2386 Dies
551 2336 598 2386 Be·
684 2337 721 2387 16.
743 2334 977 2402 Termestinorum,
1002 2338 1068 2388 dh.
1097 2334 1154 2390 dei·-

96 2402 208 2463 grihniss
226 2402 260 2452 ist
277 2402 439 2452 verschieden
454 2419 501 2452 von
513 2409 597 2454 trama·
644 2404 746 2468 jenigen
765 2404 805 2454 die
824 2421 855 2454 au
873 2405 927 2455 dem
945 2406 1023 2469 gleieh
1040 2408 1154 2458 erwaihn-

94 2471 136 2521 lus
155 2470 303 2533 Caesarum,
320 2485 410 2519 wovan
428 2487 458 2521 zu
476 2471 495 2521 1.
512 2474 536 2524 8.
648 2481 688 2522 teu
708 2472 878 2523 Untersohleis
891 2473 1020 2537 betheiligt
1036 2491 1132 2525 waren.

126 2534 174 2596 45.
193 2541 215 2590 4.
238 2537 420 2588 Termestinae.
450 2538 506 2588 thre
525 2540 598 2590 Stadt
671 2541 721 2601 di.
746 2556 760 2589 a
773 2541 895 2606 publico,
920 2542 992 2592 nimi.
1018 2541 1153 2594 Termesti-

91 2607 161 2657 iriess
182 2604 291 2670 Termes,
305 2605 504 2669 jetthiermes.
532 2606 595 2656 Plin.
649 2622 750 2673 norum„
780 2608 881 2659 Beamte
899 2609 965 2659 ihres
984 2609 1068 2660 Steats
1091 2612 1153 2662 oder

95 2675 119 2724 ir.
141 2691 165 2723 ιι.
185 2673 227 2724 ΙΙΙ.
241 2676 264 2732 3,
275 2677 315 2726 27.
648 2675 770 2737 rudentige
788 2674 914 2732 Privatam
947 2676 988 2726 die
1005 2677 1054 2726 ihm
1071 2679 1153 2728 sabul-

77 2782 81 2791 .
125 2747 277 2809 praetorem
290 2744 454 2808 provinense,
468 2741 514 2792 den
529 2741 598 2803 lega·
648 2743 730 2800 datan,
752 2744 836 2793 hatten
849 2743 943 2793 Gelder
960 2744 1089 2794 desselben
1108 2761 1152 2796 ua-

93 2819 135 2861 tus
158 2825 203 2876 pro
228 2818 359 2875 praetore:
391 2810 453 2859 dean
479 2809 598 2876 Hispania
647 2812 812 2873 tersehiagen.
849 2808 949 2873 Wegen
973 2812 1018 2862 der
1041 2812 1152 2863 sehleeh·

92 2878 197 2929 eiterior
213 2892 269 2927 war
285 2876 433 2928 kaiserliehe
443 2877 549 2927 Provinz
564 2887 596 2939 ts.
648 2888 689 2930 ten
707 2879 960 2930 Finanzwirthsehat't
988 2881 1033 2930 der
1049 2879 1153 2931 Provin-

94 2963 126 2996 zn
143 2945 162 2996 1.
175 2948 226 3007 id).
247 2942 250 2949 '
269 2944 320 2995 Dus
337 2945 521 3007 hinzngesetzte
537 2961 599 3012 pro·
649 2946 843 3010 eialpemeinden
877 2947 997 2998 rnisohten
1030 2948 1081 2999 sich
1112 2949 1152 3001 die

94 3017 203 3067 vineias,
224 3015 319 3062 maehte
344 3029 370 3064 es
393 3013 541 3076 fiberdtissig
559 3014 599 3063 ihu
648 3015 786 3066 rdmisehen
800 3015 917 3066 Bearnten
935 3016 959 3066 in
978 3017 1096 3068 dieselbe.
1124 3019 1151 3070 S.

92 3086 286 3147 propraetore
302 3097 332 3130 zu
351 3088 454 3133 nennen.
649 3083 679 3133 H.
692 3087 731 3135 54.
777 3084 828 3134 Cio.
855 3084 886 3133 ud
911 3086 961 3136 Aa.
981 3084 1089 3143 Vl.2‚5
1116 3086 1153 3137 alu

131 3153 153 3199 5.
176 3149 206 3199 L.
224 3149 357 3213 Pasonmn,
392 3149 597 3200 wahrseheinliah
647 3151 970 3203 ProeansulvonCilieien:
990 3152 1063 3204 Mira
1077 3159 1156 3205 erant

97 3216 164 3267 Soita
183 3218 226 3266 des
244 3215 327 3268 Vl.10
351 3219 494 3269 erwihnten
513 3218 597 3269 Stadt·
648 3222 677 3268 in
695 3221 846 3268 ciuitatibus
857 3223 975 3285 ipsorum
987 3222 1062 3283 ferta
1074 3221 1152 3274 Grae·

97 3285 241 3351 praiseeten,
271 3285 385 3335 derselbe
409 3287 456 3336 den
474 3287 556 3336 Horaz
574 3286 597 3334 in
650 3301 748 3349 eoram,
778 3302 845 3350 quae
861 3291 1033 3353 magistratus
1056 3293 1099 3340 sui
1114 3291 1152 3353 fe-

100 3353 145 3403 der
154 3367 183 3402 an
195 3354 241 3402 den
254 3352 453 3419 Stadtpriseeten
471 3355 517 3403 und
531 3353 599 3404 seiae
651 3359 748 3404 urrant.
776 3353 908 3416 ‚Quaesivi
924 3350 979 3422 ipse
1006 3357 1038 3406 de
1055 3360 1088 3406 iis
1106 3361 1153 3422 qui

95 3420 180 3471 Sdhne
198 3421 349 3482 geriehteten
368 3421 472 3486 epistola
490 3421 600 3471 adPiso-
651 3424 729 3471 annes
746 3419 832 3469 decern
852 3426 986 3487 promimus
1010 3427 1151 3488 magistra·

100 3486 310 3551 uastitatem
333 3489 450 3538 anredet:
479 3488 601 3538 Omaior
651 3494 706 3538 tarn
714 3494 858 3551 gesserant.
882 3491 980 3557 Aperte
990 3492 1150 3552 fatebantur.

97 3561 230 3619 iuvenum,
249 3558 368 3620 patumot's
382 3561 408 3605 et
418 3571 480 3605 ooee
489 3561 601 3620 patema
651 3557 744 3620 ltaque
766 3557 823 3605 sine
845 3557 901 3608 ulla
925 3561 1073 3623 ignominia
1098 3562 1160 3610 sues>

97 3625 221 3688 Fingeris
239 3624 392 3674 adrentum
415 3627 441 3673 et
452 3639 503 3688 per
521 3629 545 3672 te
560 3639 601 3673 sa·
651 3625 766 3674 donamus
783 3627 910 3704 paeonias
926 3642 961 3690 po
980 3626 1032 3675 alis
1058 3627 1153 3677 retule-

93 3696 145 3758 pis.
175 3692 199 3742 8.
221 3691 260 3741 die
279 3691 360 3742 Sehol.
381 3690 477 3742 dort'n.
498 3692 597 3741 zuAnf.
650 3696 720 3743 runt.
756 3690 818 3741 Plrn.
840 3709 878 3759 ep.
898 3693 928 3742 ad
969 3694 1160 3750 reinuardo

97 3763 142 3810 des
153 3760 244 3810 Brieis.
269 3762 391 3812 Bonunssr.
421 3758 457 3810 Er
472 3774 528 3810 war
544 3775 600 3810 vor·
650 3760 731 3823 Legat
747 3774 796 3811 von
806 3759 951 3828 Bithyniae:
970 3759 1157 3826 Reipublicae·

99 3829 144 3878 her
161 3827 301 3878 Conssud.
322 3827 346 3875 in
364 3828 443 3877 einem
461 3827 601 3878 untiekann·
649 3828 820 3880 Prusensium
837 3827 970 3894 impendia
995 3828 1094 3878 reditus
1112 3829 1155 3880 de·
1263 3882 1266 3888 ,

99 3905 142 3946 ten
160 3895 228 3952 Jahr,
257 3895 290 3944 da
308 3895 369 3944 nauh
387 3896 516 3960 Hispania
536 3893 600 3945 Tar-
651 3897 747 3946 ditores
759 3897 875 3960 secretio,
893 3895 964 3961 autad
976 3899 1074 3962 eoeipso
1087 3902 1164 3949 trae·-¹
