2550 4350
77 281 198 345 ponat)
272 275 314 326 AB
333 273 486 326 EXCESSU
503 273 571 327 DIVI
588 273 729 327 AUGUSTI
748 274 792 327 VI.
812 278 959 330 aetem.
1074 265 1138 329 319

77 455 111 496 re
133 431 259 513 publica,
282 429 408 508 primum
430 429 507 489 inter
520 437 657 508 nepotes,
680 448 804 508 quorum
820 429 916 491 Druso
932 430 1047 509 genitus
1064 449 1138 498 sau,-

78 519 168 599 guine
191 524 221 576 et
242 516 359 576 caritate
380 513 511 593 propior,
538 515 591 574 sed
613 515 744 575 nondum
766 514 948 594 pubertatem
970 516 1135 593 ingressus,
1153 567 1156 574 .

82 600 246 681 Germanici
268 600 325 660 lilio
349 599 441 659 robur
463 599 607 672 iuventae,
631 599 707 676 vulgi
730 600 836 670 studia,
860 619 951 678 eaque
966 608 1036 678 aput
1051 619 1136 662 avum

82 685 143 756 odii
171 703 265 746 causa.
319 684 413 756 Etiam
443 684 479 743 de
507 683 626 744 Claudio
656 684 789 762 agitanti,
825 685 902 762 quod
931 685 956 746 is
984 686 1138 764 conposita

55 778 191 843 saetate,
222 770 365 830 honarum
388 768 494 828 artium
523 768 643 847 cupiens
671 777 750 842 erat,
781 769 933 829 imminuta
959 788 1043 830 mem
1074 770 1138 832 eius
1171 834 1174 840 .
1251 818 1255 829 ,

81 855 203 918 obstitit.
233 854 300 913 Sin
323 862 404 913 extra
426 853 544 926 domum
569 872 738 925 successor,
768 862 973 931 quaereretur,
1003 873 1041 915 ne
1070 875 1166 916 rne-x

80 941 172 1002 moria
195 938 331 1016 Augusti,
359 956 396 998 ne
419 955 526 998 nomen
550 937 708 999 Caesarum
730 938 759 998 in
781 937 905 1000 ludibria
929 948 959 999 et
980 947 1135 1001 contume-
1212 1006 1215 1015 ,

77 1027 131 1087 lias
153 1031 303 1085 verterent
324 1021 481 1082 metuebat.
526 1022 641 1101 Quippe
663 1023 703 1082 illi
725 1041 784 1083 nou
813 1023 937 1102 perinde
958 1042 1049 1085 curae
1067 1044 1137 1103 gra-

78 1111 116 1172 tia
145 1109 345 1188 praesentium
375 1126 460 1185 quam
494 1106 523 1166 in
552 1117 690 1185 posteros
719 1107 849 1167 ambitio.
905 1109 970 1168 Mox
1005 1110 1135 1171 incertus

41 1195 179 1267 inanimi,
202 1195 281 1254 lesso
305 1210 439 1271 corpore,
462 1191 633 1264 consilium,
658 1192 703 1252 cui
726 1192 819 1270 impar
842 1200 912 1264 erat,
942 1194 1009 1253 lato.
1024 1196 1136 1272 permi-

79 1280 133 1353 sit,
167 1279 251 1339 iactis
280 1286 376 1338 tamen
405 1275 526 1336 vocibus
554 1295 607 1353 per
634 1295 706 1355 quas
743 1277 961 1355 intellegeretur
995 1281 1136 1357 providus
1188 1335 1191 1339 .

78 1366 254 1424 futurorum.
297 1361 429 1439 Namque
451 1361 580 1420 Macroni
607 1380 668 1422 non
696 1360 791 1423 abdita
815 1362 935 1440 ambage
957 1364 1139 1426 occidentem

79 1449 115 1510 ab
144 1468 179 1509 eo
209 1446 323 1518 deseri,
358 1446 502 1505 orientem
531 1446 655 1524 spectari
686 1445 887 1524 exprobravit,
921 1457 950 1508 et
971 1448 1002 1509 C.
1019 1448 1139 1511 Caesari

79 1534 154 1594 lorte
178 1540 244 1593 orto
268 1549 407 1592 sermone
429 1529 463 1589 L.
480 1530 588 1591 Sullam
618 1531 756 1591 inridenti
779 1532 875 1592 omnia
900 1532 995 1593 Sullae
1017 1535 1085 1593 vitia
1108 1543 1137 1595 et

40 1633 68 1682 15
79 1619 189 1680 nullam
212 1616 344 1678 eiusdem
367 1616 501 1675 virtutem
524 1614 692 1675 habiturum
713 1616 868 1694 praedixit.
908 1618 1000 1677 Simul
1023 1620 1136 1681 crebris

80 1721 145 1764 cum
168 1701 295 1762 lacrimis
317 1701 462 1760 minorem
485 1718 519 1760 ex
542 1700 700 1779 nepotibus
723 1701 894 1779 conplexus,
919 1702 994 1762 truci
1017 1703 1136 1766 alterius

79 1787 169 1855 vultu,
194 1785 313 1846 Occides
335 1787 413 1845 hunc
435 1791 476 1855 tu,
498 1783 609 1863 inquid,
633 1793 662 1844 et
683 1792 712 1844 te
734 1783 818 1844 alius.
862 1785 919 1844 Sed
949 1798 1136 1863 gravescente

79 1870 237 1930 valitudine
258 1870 328 1930 nihil
351 1868 549 1930 elibidiuibus
573 1869 741 1939 omittebat,
764 1868 794 1929 in
816 1869 954 1946 patientia
975 1871 1134 1932 firmitudi-

79 1974 146 2016 nem
170 1955 308 2016 simulans
332 1955 496 2032 solitusque
517 1953 635 2015 eludere
663 1953 843 2014 medicorum
874 1962 951 2014 artes
973 1964 1058 2034 atque
1081 1975 1134 2017 eos

39 2042 128 2120 toqui
149 2049 220 2119 post
241 2039 420 2100 tricesimum
443 2038 546 2099 aetatis
569 2058 675 2099 annum
707 2039 741 2098 ad
769 2038 995 2100 internoscenda
1017 2041 1135 2120 corpori

80 2146 133 2186 suo
157 2125 238 2187 utilia
260 2125 305 2185 vel
327 2125 414 2184 noxia
436 2124 522 2184 alieni
544 2125 659 2185 consilii
682 2123 855 2201 indigerent.

163 2210 285 2270 Interim
313 2209 423 2270 Romae
458 2208 564 2269 luturis
598 2210 685 2271 etiam
716 2218 785 2287 post
812 2208 961 2270 Tiberium
996 2209 1186 2276 caedibus47

79 2294 191 2356 semina
212 2294 403 2356 iaciebantur.
442 2294 558 2355 Laelius
573 2294 681 2355 Balbus
697 2294 837 2364 drudam,
861 2294 892 2354 P.
910 2293 1014 2354 Vitellii
1038 2314 1135 2373 quon-

78 2381 143 2441 dam
166 2398 298 2450 uxorem‚
322 2379 482 2440 maiestatis
505 2381 719 2458 postulaverat,
742 2399 797 2458 qua
813 2379 946 2439 damnata
964 2399 1027 2439 cum
1045 2400 1136 2458 prae-s

37 2465 169 2526 25mium
191 2465 352 2525 accusatori
377 2465 593 2537 decerneretur,
621 2466 722 2526 Iunius
746 2464 834 2536 Otho,
868 2464 1014 2525 tribunus.
1027 2465 1134 2543 plebei,

75 2630 138 2680 Vom
163 2630 227 2679 Sobn
251 2631 294 2680 des
318 2630 414 2681 Drusus
438 2647 469 2681 zu
493 2629 523 2680 11.
536 2634 577 2684 st.
631 2629 767 2678 semJahr:
788 2645 817 2679 cr
833 2629 910 2680 sclhst
922 2632 994 2680 ward
1008 2634 1037 2681 41
1054 2647 1077 2680 n.
1089 2631 1134 2682 Cb.

76 2698 129 2748 Der
147 2696 210 2746 Sobn
230 2697 273 2747 des
286 2697 448 2748 Germanicus
466 2699 500 2748 ist
517 2699 579 2749 eben
630 2697 764 2747 ermordet.
802 2697 901 2761 [aquid
918 2698 958 2746 ldr
975 2701 1069 2761 inquit.

76 2767 103 2817 C.
115 2765 201 2815 Cesar.
223 2764 281 2815 Scin
289 2765 456 2831 Cehurtsjabr
466 2783 497 2816 zu
507 2765 526 2816 l.
535 2769 579 2818 40.
666 2767 704 2816 18.
722 2767 751 2813 in
774 2767 907 2830 patientia
930 2765 1000 2826 firm
1016 2768 1073 2815 eim
1094 2767 1137 2818 ‘im

109 2837 131 2885 l.
146 2836 271 2900 primum.
307 2834 333 2885 S.
353 2851 384 2884 zu
404 2834 432 2884 H.
450 2833 502 2886 Μ.
630 2831 765 2882 Aushalteu
782 2833 857 2881 Kralt
875 2832 1026 2882 heucbelud’.
1051 2832 1136 2885 ludam

106 2905 129 2955 4.
151 2901 268 2953 Claudio.
297 2903 323 2953 S.
344 2900 475 2954 zu11.'ll.
506 2902 577 2952 Suet.
630 2900 1135 2964 crdieAusscbweilungentrotzseines
1225 2964 1227 2969 Ι

73 2970 162 3020 Claud.
177 2973 207 3022 2:
230 2969 356 3021 Claudius
374 2976 453 3020 nutus
471 2970 579 3020 eetlulo
629 2968 740 3018 kraulen
764 2968 905 3019 Zustandes
934 2977 1033 3031 ertrug,
1064 2970 1136 3021 sollte

73 3039 190 3088 Antonio
210 3038 291 3088 Fadio
310 3038 442 3099 Africano
466 3039 583 3088 consuli-
629 3052 684 3086 nran
702 3036 809 3097 glauben
827 3038 885 3088 dass
901 3038 969 3088 scine
983 3037 1138 3090 Cesuudheit

73 3109 121 3156 dus
138 3109 180 3167 (10
197 3105 289 3166 v.Cb.)
308 3105 427 3156 dolandis
441 3107 579 3171 Angustia,
629 3121 657 3155 so
677 3105 770 3169 kraltig
793 3106 829 3156 sei
860 3107 918 3156 dass
942 3122 970 3156 er
987 3107 1039 3157 sich
1058 3108 1136 3158 durch

74 3191 97 3222 u.
115 3177 143 3224 3:
176 3174 333 3240 Da'scr'ptlimlr
362 3175 514 3224 liberatione
546 3176 579 3225 ab
629 3173 665 3223 sic
685 3173 751 3224 nicht
769 3174 921 3236 augegrillen
940 3174 1015 3225 ldhle.

72 3247 159 3291 aetate
173 3245 262 3306 prima
280 3258 335 3292 non
345 3242 502 3293 mediocrem
520 3253 580 3308 opoi
662 3236 710 3297 47.
724 3243 763 3293 23.
773 3242 985 3292 Laetiusssauos
992 3245 1137 3294 warwabr·

72 3325 132 3358 ram
150 3308 223 3359 dedit
245 3326 277 3361 ac
301 3325 380 3374 saepe
398 3313 579 3375 eaperimentu
629 3309 761 3358 scbciulioh
780 3310 821 3359 ein
840 3310 904 3360 Solm
924 3312 968 3361 des
985 3311 1136 3362 Maelius

51 3380 291 3449 ἡιηιιίιιςιιιιιιιιιάιιι
300 3377 454 3444 publicauit.
480 3377 579 3428 Verum
628 3377 741 3441 Balbus,
768 3379 814 3427 der
837 3377 929 3428 Consul
952 3379 1066 3430 euch.
1087 3380 1136 3428 und

52 3454 55 3463 “
73 3458 107 3490 oe
123 3446 161 3491 sic
179 3445 284 3507 quidem
301 3449 441 3510 quicquam
462 3445 579 3510 dignito·
629 3444 822 3510 quindecimvir
837 3448 923 3496 sacris
939 3445 1070 3506 faciendis
1081 3461 1137 3496 war

75 3511 108 3556 tia
126 3514 230 3573 assequi
255 3519 303 3562 aut
324 3529 395 3578 spem
419 3513 450 3562 de
466 3531 493 3562 se
511 3529 579 3562 com·
628 3513 707 3573 traso
730 3512 789 3578 Cap.
813 3516 842 3563 17
860 3528 885 3562 v.
895 3513 960 3572 Cb).
990 3513 1132 3575 Vgl.c.²48.

74 3574 219 3625 modiorem
237 3581 266 3627 in
282 3586 415 3644 posterum
431 3582 521 3644 facere
532 3597 579 3646 po·
630 3580 712 3630 Ueber
728 3580 755 3629 P.
775 3579 898 3630 Wtelliuc
915 3581 945 3631 V.
960 3583 984 3631 8.

75 3644 133 3692 tuit.
663 3651 703 3700 24.
722 3663 781 3698 cum
795 3651 944 3713 proemium
963 3662 1015 3697 acc.
1032 3647 1087 3697 dec.
1106 3647 1134 3698 S.

108 3712 131 3761 9.
139 3713 321 3776 praesentium
333 3714 367 3765 ist
374 3714 509 3768 Neutrum:
526 3716 580 3767 ‘der
630 3732 660 3765 zu
679 3714 771 3767 litto.

73 3780 243 3841 Cegenwert'.
664 3787 703 3836 25.
722 3785 815 3833 Iunius
835 3782 914 3844 Otto,
941 3781 1007 3831 Sohn
1026 3780 1070 3831 des
1088 3780 1131 3832 ΙΙΙ.

11 3910 13 3915 Ι
108 3851 146 3899 17.
174 3847 281 3897 Occidea
307 3865 331 3898 u.
348 3865 417 3902 ων.
465 3851 579 3916 Caligula
630 3854 662 3903 66
681 3852 835 3901 crudenter.

71 3918 167 3969 tddtete
187 3917 235 3966 den
253 3915 369 3968 Tiberius
392 3921 453 3970 noch
477 3921 502 3970 in
526 3920 585 3971 die.
708 3924 714 3936 '
