2550 4350
91 292 215 352 ponto)
292 287 333 337 ΑΒ
350 283 584 338 excessuum
602 282 815 369 Atltlbsflsxll.
836 286 859 335 5.
880 286 904 336 6.
925 288 948 336 t.
1102 241 1140 336 33

91 441 290 506 sanctimonia
313 440 469 518 insignem.
497 438 559 500 Nec
580 438 629 500 diu
652 437 867 518 anquirendum
889 436 960 516 quin
981 436 1142 516 Agrippina

95 526 274 590 claritudine
295 524 413 602 generis
435 519 576 587 anteiret:
610 523 709 584 datum
730 521 766 582 ab
783 517 823 584 'ee
845 520 1035 583 fecunditatis
1056 538 1142 601 expe·

95 612 270 682 rimentum,
290 618 328 670 ‘et
355 627 517 687 congruere
544 616 621 670 artes
643 608 795 688 honestas.
838 606 870 667 ld
893 625 962 667 vero
985 606 1143 683 egregium,

97 696 175 774 quod
198 695 318 772 provisu
339 695 426 755 deum
448 693 535 753 vidua
558 693 729 770 iungeretur
744 689 872 769 principi
888 706 940 752 sua
956 698 1068 751 tantum
1083 709 1144 752 ma·

66 779 235 842 strimonia
258 789 389 857 experto.
418 776 574 838 Audivisse
589 795 604 841 a
619 775 803 854 parentibus,
825 775 934 836 vidisse
950 774 1033 853 ipsos
1048 774 1143 854 abripi

95 864 237 940 coniuges
260 862 295 924 ad
317 863 401 923 libita
425 862 599 923 Caesarum:
623 860 726 938 procul
747 859 778 920 id
794 878 809 920 a
825 859 974 937 praesenti
990 859 1145 920 modestia.

95 950 281 1009 statueretur
302 948 392 1007 immo
415 945 638 1016 documentum,
662 962 720 1022 quo
743 961 863 1006 uxorem
885 944 1046 1022 imperator
1067 944 1145 1019 acci-

95 1043 190 1112 peret.
235 1036 270 1092 nt
293 1030 372 1091 enim
395 1041 470 1090 nova
492 1028 579 1103 nobis
597 1029 631 1089 ‘in
654 1030 776 1090 fratrum
798 1027 874 1089 filias
895 1028 1044 1106 coniugia.
1087 1027 1147 1090 Sed
1240 1069 1246 1074 -

95 1117 164 1178 eliis
188 1115 323 1192 gentibus
346 1112 516 1184 sollemnia,
547 1123 643 1192 neque
669 1112 733 1190 lege
755 1111 814 1173 ulla
836 1110 995 1190 probibila.
1038 1113 1075 1174 Et
1096 1131 1145 1173 so-

58 1201 251 1263 tobrinarum
273 1200 325 1259 diu
347 1200 480 1276 ignorata
502 1205 636 1276 tempore
657 1197 757 1258 addito
773 1196 1006 1276 percrebruisse.
1034 1197 1147 1259 llorcm

97 1284 315 1346 accommodari
337 1293 425 1361 prout
446 1282 602 1353 conducat,
626 1289 656 1343 et
676 1282 740 1343 fore
762 1280 819 1349 boe
842 1300 959 1360 quoque
976 1281 1012 1342 in
1030 1281 1056 1342 is
1072 1300 1146 1361 quac

98 1387 164 1429 mox
185 1376 375 1447 usurpentur.
418 1367 501 1428 Haud
525 1367 646 1427 defuere
668 1365 718 1444 qui
741 1366 890 1438 certatim,
913 1365 939 1427 si
961 1365 1177 1428 cunctaretur'l

98 1454 215 1525 Caesar,
238 1454 265 1513 vi
288 1462 407 1513 acturos
430 1451 623 1512 testificantes
646 1458 836 1529 erumperent
857 1450 948 1511 curia.
981 1451 1147 1529 Coogloba·

98 1547 145 1598 tur
172 1538 320 1615 promisca
345 1535 504 1597 multitudo
530 1535 731 1614 populumque
752 1535 915 1596 Romanurn
938 1535 1039 1596 eadem
1062 1555 1147 1597 orare

51 1634 90 1683 {15
102 1622 240 1682 clamitat.
267 1622 345 1682 ‚Nec
367 1620 506 1682 Claudius
537 1620 611 1680 ultra
625 1641 627 1644 ⁴
642 1626 794 1697 expectato
824 1618 927 1679 obvius
951 1620 1029 1696 apud
1044 1622 1149 1682 forum

99 1705 221 1783 praebet
249 1724 281 1765 se
303 1704 503 1782 gratantibus,
534 1712 728 1780 senatumque
750 1700 902 1778 ingressus
924 1702 1074 1762 decretum
1096 1723 1148 1781 po·

100 1788 190 1849 stulat
212 1807 269 1866 quo
292 1789 386 1849 iustae
407 1789 485 1849 inter
499 1796 621 1866 patruos
637 1787 819 1863 fratrumque
833 1785 909 1844 filias
924 1785 1045 1863 nuptiae
1060 1786 1147 1853 etiam

100 1873 130 1933 in
154 1882 306 1950 posterum
328 1880 536 1934 statuerentur.
565 1873 626 1933 Nec
647 1878 745 1931 tamen
767 1879 903 1948 repertus
926 1877 972 1929 est
993 1869 1051 1929 nisi
1073 1888 1149 1931 unus

100 1957 169 2018 talis
193 1958 371 2018 matrimonii
394 1959 526 2036 cupitor,
553 1955 684 2018 Alledius
707 1955 847 2026 Severus,
877 1971 970 2037 eques
990 1953 1148 2024 Romanus,

57 2052 189 2120 atquem
218 2042 351 2121 plerique
373 2043 554 2122 Agrippinae
583 2042 673 2119 gratia
703 2038 852 2118 inpulsum
874 2037 1017 2099 ferebant
1061 2039 1149 2100 Versa
1201 2043 1231 2113 J

101 2147 137 2188 ex
165 2147 200 2187 eo
223 2128 343 2198 civitas,
370 2136 398 2187 et
421 2126 526 2188 cuneta
549 2125 676 2188 feminae
698 2123 885 2193 obediebant,
907 2141 966 2184 non
989 2142 1042 2201 per
1062 2122 1149 2184 lasci-

102 2209 196 2278 viam,
225 2220 255 2269 ut
276 2210 451 2283 Messalina,
479 2207 568 2273 rebus
590 2211 740 2286 Romanis-
758 2207 909 2271 illudenti:
943 2207 1099 2271 adductum
1122 2215 1171 2271 et¹
1209 2258 1212 2263 .

102 2294 185 2372 quasi
210 2295 293 2356 virile
316 2290 477 2358 servitium.
510 2295 610 2358 Palam
632 2295 774 2358 severitas
797 2313 831 2357 ac
853 2292 972 2373 saepius
995 2293 1150 2374 snperbia.;

130 2488 158 2546 b.
194 2496 214 2542 l.
248 2493 304 2543 Nec
333 2494 380 2542 diu
408 2493 601 2557 anquirendum
628 2493 1153 2560 ⁴ncueVerbiudung.DiePrripositionbe·

72 2580 78 2595 ¹
95 2562 162 2624 quin
179 2576 203 2607 u.
220 2576 240 2607 s.
256 2576 289 2608 w.
317 2560 350 2608 ist
373 2560 434 2607 lrurz
457 2568 545 2621 gesagt
562 2561 602 2609 ftir
651 2561 764 2610 zeiebnet
776 2560 947 2622 dieilicbtung
959 2562 1152 2622 derllandlung.

95 2628 162 2690 quin
178 2625 357 2689 Agrippinam
380 2628 481 2674 anteire
503 2625 602 2675 intelle·
685 2630 710 2678 9.
736 2624 865 2675 Sobrunoe
888 2626 943 2675 sind
965 2627 1095 2688 eigeutlicb
1114 2628 1153 2683 dic

56 2694 57 2700 ’
91 2697 195 2758 gerent.
652 2688 810 2748 Eukelinneu'
831 2708 878 2741 von
901 2693 1067 2742 Grossonkeln
1093 2695 1155 2742 oder
1263 2743 1265 2748 .

131 2763 155 2811 4.
177 2758 264 2808 viduo.
302 2757 344 2807 Sie
364 2771 420 2806 war
437 2765 489 2807 eret
507 2772 537 2807 au
557 2756 600 2807 Cn.
654 2758 825 2809 Grosstttnten.
867 2759 928 2809 llier
958 2756 1102 2810 be'zeicbuet
1127 2775 1154 2810 es

97 2827 234 2883 Domitius,
264 2826 327 2875 donn
346 2838 377 2887 nn
396 2826 442 2875 den
460 2825 612 2876 berdbmteo·
654 2824 791 2881 Cousinen,
812 2824 852 2875 die
869 2824 978 2876 Tbcbter
994 2841 1041 2879 von
1059 2825 1155 2877 Touten

98 2896 199 2946 Redaer
224 2893 329 2960 Craspus
346 2893 484 2944 Passienus
506 2893 604 2944 verbei·
654 2892 816 2950 undonketn,
838 2893 877 2943 die
895 2909 975 2956 genae
985 2896 1156 2946 consobrinae

99 2965 183 3014 ratbet
200 2978 324 3024 gewesen.
362 2962 387 3012 S.
409 2977 440 3011 zu
457 2961 499 3012 Vl.
520 2962 561 3014 20.
654 2961 759 3012 heleseu.
799 2961 868 3012 llenn
886 2961 1001 3014 Vitellius
1018 2978 1084 3014 moso
1108 2963 1155 3014 den
1264 2976 1267 2981 ’

132 3037 301 3081 auctentum
318 3035 394 3080 mair.
413 3046 481 3096 esp,
500 3030 545 3079 der
563 3029 602 3079 nic
654 3030 772 3079 niebsteu
796 3028 1089 3094 Verwaudtscballsgrad
1111 3031 1155 3082 be-

101 3098 140 3147 die
158 3100 255 3148 Frauen
273 3099 387 3149 Anderer
404 3097 508 3161 begebrt
528 3098 600 3148 babe.
654 3097 783 3155 zeicbuen,
809 3098 834 3147 in
851 3097 969 3149 welobcm
985 3098 1070 3150 bisber
1087 3099 1156 3150 Eben

136 3169 158 3216 5.
187 3167 317 3216 audiuisse
348 3167 448 3217 beziebt
479 3166 530 3216 sieb
544 3176 547 3183 ⁴
560 3165 607 3216 aul
654 3165 752 3217 erlaubt
768 3180 863 3216 wareo.
900 3166 944 3216 Bei
962 3166 1016 3220 Liv.
1032 3166 1109 3218 XLll.
1124 3170 1156 3220 34

101 3235 225 3294 Augustus
244 3234 428 3295 ts.zul.10);
448 3234 543 3284 uiduae
560 3234 607 3285 auf
653 3236 710 3296 sagr
733 3234 772 3285 ein
794 3237 854 3284 rbm.
875 3235 971 3296 Bbrgcr
989 3238 1033 3287 fil
1053 3252 1076 3287 v.
1098 3236 1152 3287 Cb:

100 3300 222 3363 Caligula.
259 3302 328 3351 Suet.
350 3301 403 3352 cat.
424 3303 464 3352 tt.
485 3304 525 3353 25.
650 3307 730 3369 poter
756 3303 823 3352 nint
849 3318 959 3353 uuorem
992 3304 1086 3365 fralaus
1113 3306 1157 3355 aui

135 3371 158 3418 l.
178 3370 428 3432 documentumque
439 3383 463 3416 u.
475 3384 538 3418 sw.
562 3368 604 3418 ‘Es
654 3370 739 3432 filiurn
757 3368 833 3419 dudm

49 3451 53 3457 ·
102 3438 174 3495 nrbgc
198 3436 238 3483 ein
256 3435 363 3500 Reispiel
381 3433 524 3496 aufgestellt
540 3450 606 3485 wer·
688 3431 718 3492 ’7.
746 3437 785 3487 22.
812 3436 953 3489 adductum
976 3453 1024 3486 von
1045 3438 1091 3486 den
1108 3435 1173 3499 nu,

104 3501 159 3556 den,
182 3499 535 3551 nncbwelcbemderKaiser'
552 3501 606 3559 (all-
656 3503 712 3567 geln
730 3503 887 3566 ribertragen
912 3504 1004 3554 ‘straffi
1034 3503 1064 3554 ll.
1084 3503 1155 3554 lll-‘l

99 3566 200 3629 gemein
217 3592 251 3611 =
268 3566 315 3625 alle
328 3567 427 3628 Kaiser)
448 3568 523 3617 ‘seiae
541 3569 607 3619 Fron
657 3570 892 3636 adductirn'quarn
909 3572 982 3621 ciuili
998 3568 1063 3621 bello
1079 3573 1185 3635 impe«
1229 3625 1231 3629 ,

104 3635 251 3699 empfangen
275 3633 351 3683 solle'.
388 3633 447 3685 Dies
470 3635 517 3684 soll
536 3636 607 3686 dorin
656 3639 762 3689 uitabat.
798 3638 829 3690 G.
847 3641 879 3691 43
898 3638 1028 3689 Gotbones
1044 3650 1157 3702 regemn·

104 3703 215 3759 bestebn,
237 3702 295 3752 dass
313 3701 438 3753 derStcct
454 3702 543 3764 (Senot
559 3704 607 3754 und
657 3711 709 3768 tur,
732 3707 814 3771 paulo
842 3708 895 3757 iarn
919 3705 1058 3755 adductius
1079 3720 1156 3770 quam

104 3769 178 3831 Vollt)
197 3770 245 3818 ibm
263 3769 317 3818 eine
336 3769 466 3821 bestimmt.
658 3779 758 3824 ceterae
768 3772 957 3823 manorum
966 3777 1062 3835 gentes.
1087 3770 1154 3822 XlV.

139 3840 161 3890 8.
176 3840 204 3887 in
213 3838 329 3899 fratrum
336 3837 407 3899 filiae
416 3841 549 3904 coniugia,
558 3839 607 3891 wie
658 3841 824 3903 4⁴5ebalteu’:
844 3839 979 3901 adductus,
997 3843 1074 3904 quari
1087 3842 1159 3891 seria

105 3923 128 3956 e.
148 3908 180 3958 25
205 3906 312 3972 adoptio
335 3908 364 3956 in
386 3907 545 3973 Domitium,
574 3907 608 3959 ist
657 3910 825 3960 umectant.

142 3996 256 4040 Cornelius
267 3995 357 4041 ‘lucitus
368 3995 395 4040 ll.
620 4046 622 4050 ,
945 3989 967 4038 “a
