2550 4350
124 271 186 334 218
495 286 503 301 ⁸
533 283 690 381 connecti
707 283 818 336 reem
1066 287 1092 350 (a
1108 292 1186 336 usn
1251 358 1255 379 Ι

127 437 191 499 iure
214 438 338 500 iurando
361 438 463 509 civem,
487 437 545 499 nisi
569 449 671 501 contra
693 439 828 500 instituta
851 447 880 498 et
901 437 1106 501 caerimonias
1123 458 1183 505 tne-

38 532 44 543 '
126 523 222 587 iorum
255 523 437 602 proditorem
460 523 555 602 palam
580 533 610 586 et
631 523 746 586 bostem
770 524 901 584 Thrasea
922 522 1086 587 induisset.
1129 524 1184 589 tte.-

127 608 217 687 nique
245 627 332 686 agere
360 618 527 670 senatorem
556 618 586 670 et
613 608 759 687 principis
786 608 1002 669 obtrectatores
1026 618 1185 690 protegere

124 692 232 761 solitus
260 693 381 764 veniret,
412 703 548 754 censeret
570 692 640 771 quid
664 692 772 770 corrigi
801 692 980 753 autmutari
1005 693 1114 757 vellet:
1143 696 1183 757 la·

110 778 212 853 ,cilius
241 778 418 856 perlaturos.
435 778 550 856 singula
577 781 779 856 increpantem
809 797 897 856 qnam
925 795 1007 839 nuno
1029 779 1204 843 silentinmt

124 864 293 943 perlerrent
320 864 418 924 omnia
448 863 626 925 damnantis.
670 864 777 924 Pacem
806 863 848 923 illi
873 881 927 940 per
948 863 1055 927 orbem
1080 874 1182 935 terrae,

125 967 162 1011 an
189 947 330 1008 victorias
359 947 423 1010 sine
452 949 559 1009 damno
590 947 770 1009 exercituum
793 945 977 1027 displicere?
1021 948 1068 1010 Ne
1090 950 1180 1011 bomi-

123 1051 192 1094 nenr
215 1032 303 1093 bonis
326 1032 453 1111 publicis
476 1042 630 1105 maestum,
653 1032 755 1111 etqui
777 1033 841 1093 lora
865 1032 977 1117 theatra
1002 1033 1179 1114 templapro

124 1118 284 1179 solitudine
314 1118 446 1188 baberet,
477 1119 526 1197 qui
556 1117 743 1178 minitaretur
770 1117 897 1179 erilium¹
920 1135 1019 1191 suum,
1043 1118 1180 1183 ambitio·
1253 1132 1256 1137 '

108 1202 170 1263 ,nis
184 1220 298 1281 'pravae
321 1212 488 1281 compotem
511 1204 654 1265 lacerent.
697 1203 764 1263 Non
785 1202 830 1263 illi
853 1201 988 1267 consulta
1002 1202 1100 1276 baec,
1123 1214 1213 1267 nontt

122 1288 313 1363 magistratus
345 1296 394 1346 aut
416 1288 577 1351 Romanam
600 1287 704 1347 urbem
725 1286 831 1349 videri.
873 1286 1074 1366 abrumperet
1096 1289 1181 1352 vitam

123 1371 159 1433 ab
182 1389 215 1431 ea
240 1369 357 1430 civitate
379 1370 464 1430 ouius
487 1369 640 1430 caritatem
663 1371 743 1441 olim,
767 1390 845 1431 nrrno
868 1381 898 1433 et
913 1381 1070 1450 aspectum
1088 1375 1181 1437 exuis-

69 1453 179 1515 29set.
224 1454 295 1514 Cum
319 1472 373 1530 per
394 1454 468 1514 haec
491 1462 579 1531 atque
602 1454 670 1515 talia
693 1454 861 1529 Marcellus,
884 1465 1002 1519 uteret
1024 1465 1182 1521 torvusac

122 1537 231 1610 minax,
261 1556 333 1599 voce
360 1538 440 1599 voltu
469 1539 565 1600 oeulis
594 1539 776 1614 ardesceret,
805 1560 865 1602 non
894 1540 943 1603 illa
971 1552 1043 1603 nota
1067 1555 1100 1607 et
1121 1563 1180 1607 cro·
1238 1594 1244 1615 .

119 1621 228 1685 britate
255 1623 455 1702 periculorum
484 1635 568 1686 sueta
595 1624 654 1685 iarn
677 1636 798 1686 senatus
819 1625 977 1696 maestitia,
1006 1628 1063 1689 sed
1087 1639 1210 1691 norustt

122 1716 152 1771 et
179 1708 266 1781 altior
295 1728 388 1787 pavor
414 1728 519 1771 manus
550 1718 579 1770 et
609 1710 666 1771 tela
689 1710 814 1772 militnm
838 1711 1043 1773 cernentibus.
1089 1714 1180 1777 Simul
1261 1776 1264 1801 Ι

121 1793 217 1873 ipsius
247 1794 397 1857 Thraseae
427 1793 603 1857 venerabilis
632 1795 751 1873 species
778 1795 1008 1870 obversabatur3
1034 1807 1069 1869 ‚et
1100 1808 1181 1861 erant

122 1880 172 1958 qui
208 1876 375 1940 Helvidium
415 1899 533 1958 quoqne
569 1879 795 1952 miserarentur,
840 1880 979 1944 innoxiae
1017 1881 1180 1947 adfinitatis

120 1982 233 2042 poenas
257 1965 403 2027 daturum.
443 1964 521 2035 Quid
543 1964 707 2044 Agrippino
731 1964 881 2026 obiectum
903 1964 962 2026 nisi
986 1967 1107 2029 tristem
1128 1988 1178 2050 pa·

122 2048 177 2108 tris
206 2050 363 2122 fortunam,
393 2049 511 2128 quando
534 2058 563 2110 et
585 2049 635 2110 ille
657 2049 781 2128 perinde
804 2051 949 2113 innocens
972 2050 1090 2114 Tiberii
1113 2063 1212 2118 sae-tt

120 2132 191 2193 vitia
212 2133 406 2194 concidisset.
450 2133 607 2195 Enimvero
629 2135 800 2195 Montanum
825 2135 939 2214 probae
967 2135 1110 2203 iuventae
1131 2159 1179 2203 ne·

121 2235 178 2295 que
212 2217 318 2278 lamosi
352 2218 502 2288 carminis,
537 2219 605 2298 quia
638 2219 797 2298 protulerit
829 2219 997 2298 ingenium,
1032 2233 1177 2285 extorrem

68 2300 179 2377 adegi.
221 2304 317 2379 Atque
339 2302 459 2363 interim
483 2302 620 2364 Ostorius
643 2303 782 2375 Sabinus,
812 2305 919 2366 Sorani
942 2317 1111 2380 accusator,
1132 2309 1175 2370 in·

115 2498 225 2550 briuche
253 2500 301 2548 und
320 2500 434 2562 Religion
451 2502 497 2551 der
514 2501 623 2552 Vorlnb-
672 2503 725 2554 will
746 2506 862 2567 ‘ernrdge
876 2504 1176 2561 seinLebenvernStnate
1251 2520 1255 2535 ¹

116 2582 161 2618 ren
180 2582 210 2617 an
229 2567 298 2618 scine
312 2567 399 2620 Pllicbt
417 2569 566 2629 erinnerten
587 2571 622 2623 im
672 2573 791 2630 trennen'.
817 2589 872 2623 was
890 2575 951 2624 auch
970 2575 1051 2627 durch
1068 2575 1179 2629 Verban-

116 2635 303 2697 ebsiobtlicben
323 2637 466 2689 bewussten
480 2637 621 2701 degenerata
672 2657 739 2704 nung
756 2641 993 2703 gescbebnkdnnte,
1016 2645 1180 2698 sanderum·
1248 2696 1252 2711 ,

116 2718 195 2769 gesen
213 2705 260 2755 sie.
672 2709 751 2771 gleiclt
774 2718 811 2760 ‘er
827 2711 898 2772 mdge
916 2710 1034 2771 sterbcn',
1063 2728 1120 2765 was
1138 2716 1180 2765 ab

149 2775 173 2827 3.
200 2789 281 2838 ogere
302 2777 450 2825 senatorem
471 2775 525 2826 ‘den
544 2774 622 2826 Sena·
670 2782 807 2843 retorperet
822 2779 904 2827 uitam
924 2778 987 2828 ohne
1005 2779 1118 2833 weitern
1134 2782 1182 2835 Zu-

115 2849 155 2893 tnn
179 2841 287 2909 spielen'.
326 2842 361 2892 Er
383 2842 436 2893 will
460 2859 536 2907 sagea
562 2844 620 2894 dass
671 2854 725 2896 satz
742 2848 820 2896 wire.
859 2845 902 2896 Um
920 2845 975 2905 dies
994 2849 1181 2903 uecbzuebmen
1250 2868 1255 2881 ·

114 2909 242 2963 Thraseae
260 2911 361 2962 lrdbere
379 2910 566 2963 erksmnkeit
583 2911 620 2961 als
672 2913 817 2964 dbersetze:
855 2913 899 2963 ‘Er
923 2916 996 2978 mogo
1026 2912 1117 2969 coinon
1134 2918 1181 2969 Le·

115 2979 223 3031 Senator
240 2980 307 3030 nicht
324 2979 454 3030 desWobl
472 2979 617 3038 desSteats.
669 2980 808 3032 bensleden
825 2981 954 3032 abruissen
965 2997 1014 3033 von
1021 2983 1080 3037 dem
1087 2986 1182 3039 steen'
1207 2982 1212 2991 ’

114 3047 155 3099 die
184 3047 318 3111 Erlirdung
350 3047 434 3098 seiner
460 3048 549 3098 Pdicbt
582 3047 620 3098 als
670 3064 694 3099 u.
714 3064 737 3100 s.
756 3065 790 3100 w,

114 3114 239 3171 Senator,
277 3115 384 3167 sondern
420 3114 460 3165 die
496 3114 620 3165 belrledi-
703 3144 757 3204 29·
777 3152 816 3200 13.
834 3151 1111 3216 per‘durcff-‘ffina
1121 3156 1177 3207 Μ..
1252 3104 1257 3161 ’;

113 3195 181 3297 ffif
198 3181 282 3230 ⁸⁰i¹¹⁸¹⁸
299 3180 419 3230 mmm
435 3180 559 3232 wm'ziel
577 3196 619 3244 μ’
668 3217 789 3267 wilrrend
818 3233 846 3267 er
870 3218 952 3270 dieses
976 3220 1026 3271 und
1051 3222 1179 3275 ribulicltes
1250 3270 1256 3313 Ι

147 3313 472 3366 &minitareturmlium
481 3331 566 3381 mum,
579 3316 617 3368 ὼ
668 3291 747 3348 sante.
787 3285 937 3337 Uebersetze
958 3287 1105 3342 ‘denend
1128 3292 1180 3343 eleb
1251 3330 1254 3339 .

112 3380 346 3503 mniaggismt
368 3381 409 3432 ibn
431 3383 498 3436 nicht
515 3386 617 3437 entbeb·
667 3351 1181 3481 ffl‘gflulfluindiffiessuuffirlhgfflg
1250 3364 1259 3515 'V

147 3519 615 3586 11.Abrumpeetotramaaeaerv„
666 3507 689 3540 ¹¹·
710 3506 731 3542 ⁸·
752 3508 786 3542 w·
807 3491 909 3556 “ww’'

111 3587 204 3638 kurzer
227 3585 358 3637 Ausdruelr
388 3585 429 3635 ter
451 3589 619 3654 abmrmperet
701 3594 743 3646 22.
762 3594 860 3655 famosi
873 3593 1177 3659 *verinumtertsen'.‚wte

111 3658 194 3707 vitam
211 3660 237 3705 et
254 3658 293 3704 ito
311 3655 344 3705 ab
362 3669 393 3704 ea
410 3656 517 3706 civitate
534 3657 616 3708 disee-
666 3659 764 3720 fumosi
781 3662 864 3711 libelli
880 3660 898 3711 l.
920 3664 960 3713 72.
987 3661 1101 3715 Famesi
1118 3682 1178 3719 eur-

109 3723 189 3775 dcret.
224 3722 286 3773 Tac.
307 3724 350 3773 bat
367 3721 421 3771 bier
438 3724 502 3773 zwei
520 3724 616 3775 Beden-
665 3730 744 3778 minat
768 3728 801 3778 ist
819 3728 917 3779 Genitiv
942 3730 987 3783 der
1010 3730 1178 3794 dignoscent

108 3798 200 3853 tungren
225 3790 249 3838 in
273 3789 547 3855 abrumperet-gelegt,
574 3792 615 3843 dic
665 3795 715 3845 wie
730 3797 832 3860 prodeo
849 3798 976 3848 iuventae.
995 3797 1177 3860 Prostnea‘n·

110 3872 138 3906 es
161 3856 294 3921 eigendion
324 3859 391 3909 niebt
413 3858 511 3908 vereint
534 3858 614 3911 baben
663 3865 772 3927 genium
793 3863 854 3914 ‘sein
871 3862 961 3916 'l'tlent
985 3865 1092 3930 wigen,
1124 3871 1178 3925 ‘be-

112 3924 185 3984 kenn,
211 3925 294 3976 indmn
317 3940 346 3976 er
369 3926 436 3977 uicbt
451 3925 520 3979 bloes
537 3942 615 3991 engen
665 3930 789 3994 thitigen’.
817 3931 844 3982 S.
863 3945 885 3980 c.
906 3934 947 3985 28.
1112 3930 1116 3937 ’
