2550 4350
98 270 138 336 ra
505 247 663 331 conumu
681 277 793 330 rncrrr
865 294 875 325 a
1036 244 1168 344 (neuen
1249 244 1252 249 ⁸

99 433 208 496 itinere
230 451 359 511 propere
383 434 537 504 conlecto,
571 429 809 512 apud‘degeas,
848 432 997 494 civitatem
1031 428 1168 506 Ciliciae,

99 518 218 587 obuium
241 517 426 590 Quadratum
448 517 566 588 habuit,
589 518 661 577 illuc
683 535 892 595 progressum,
924 536 975 590 ne,
1005 517 1031 577 si
1056 518 1095 579 ad
1119 536 1169 580 ac·

98 601 254 681 cipiendas
277 601 380 680 copias
404 603 517 680 Syriam
540 600 713 662 intravisset
735 600 874 672 Corbulo,
900 601 1033 662 omnium
1057 621 1112 664 ora
1136 603 1168 665 in

97 705 130 748 se
145 695 297 764 uerteret,
328 704 455 764 corpore
484 685 606 761 ingens,
630 684 729 746 verbis
752 685 919 762 magnificis
936 695 979 761 ,et
999 704 1095 764 super
1117 706 1168 757 ex-

65 774 86 835 9
98 769 275 849 perientiam
297 770 536 849 sapientiamque
559 769 648 830 etiam
672 770 774 848 specie
797 769 929 830 inanium
951 770 1080 832 validus.
1110 772 1192 833 (ζῆ-5

98 863 194 916 terum
218 863 343 932 uterque
365 854 402 914 ad
412 853 580 931 Vologesen
602 872 702 931 regem
725 853 839 917 nuntiis
861 853 1035 926 monebant,
1057 873 1168 934 pacem
1271 887 1274 891 ⁴

82 957 186 1018 qnam
210 938 320 999 bellum
343 937 444 998 mallet
465 938 603 1017 datisque
626 937 783 999 obsidibus
799 937 917 998 solitam
942 938 1097 1016 prioribus
1119 958 1168 1000 re—

97 1022 261 1084 verentiam
284 1022 316 1082 in
338 1023 482 1102 populum
499 1023 663 1083 Romanum
688 1022 888 1084 continuaret.
930 1023 969 1082 Et
991 1023 1167 1100 Vologeses,

99 1125 158 1187 quo
180 1106 290 1167 bellum
314 1126 351 1167 ex
366 1107 523 1168 commodo
539 1115 669 1186 pararet,
693 1125 729 1167 an
753 1116 785 1167 ut
806 1105 1016 1168 aemulationis
1029 1126 1166 1187 suspec-

97 1201 147 1254 tos
168 1210 222 1269 per
251 1209 360 1251 nomen
390 1190 529 1252 obsidum
561 1199 727 1264 amoveret,
763 1190 856 1250 tradit
886 1190 1096 1262 nobilissimos
1128 1202 1204 1253 exto

95 1275 208 1337 familia
235 1275 456 1336 Arsacidarum.
506 1274 690 1353 accepitque
720 1292 773 1335 eos
803 1275 940 1336 centurio
962 1275 1094 1338 Insteius
1126 1277 1184 1341 ab.

97 1358 248 1422 Ummidio
271 1359 398 1432 missus,
426 1360 503 1419 torte
525 1359 626 1437 priore
650 1359 688 1420 de
709 1377 799 1419 cansa
823 1358 905 1420 adito
934 1377 1014 1437 rege.
1074 1361 1164 1433 Quod

97 1452 256 1523 postquam
280 1443 442 1506 Corbuloni
465 1443 616 1521 cognitum
640 1451 701 1517 est,
736 1443 781 1504 ire
809 1438 993 1521 praelectum
1027 1445 1165 1529 cohortis

60 1568 63 1574 -
96 1528 214 1589 Arrium
238 1528 345 1588 Varum
368 1535 399 1588 et
419 1527 590 1605 reciperare
613 1526 737 1589 obsides
759 1526 851 1588 iubet.
895 1528 973 1605 Hinc
995 1537 1095 1589 ortum
1118 1529 1168 1589 in-

97 1621 144 1672 ter
172 1613 356 1690 praelectum
389 1619 419 1672 et
451 1612 658 1672 centurionem
679 1611 808 1689 iurgium
830 1631 868 1674 ne
892 1612 1005 1674 diutius
1029 1613 1163 1679 externis
1177 1623 1206 1672 15⁴

98 1696 270 1775 spectaculo
294 1704 389 1766 essct,
415 1695 571 1757 arbitrium
594 1696 638 1757 rei
662 1696 819 1758 obsidibus
842 1695 1010 1775 legatisque
1033 1697 1085 1776 qui
1109 1717 1172 1759 eos.

96 1778 245 1841 ducebant
268 1779 458 1859 permissum.
507 1782 604 1859 Atque
626 1779 671 1842 illi
693 1791 846 1842 recentem
868 1780 960 1858 gloria
984 1789 1014 1842 et
1035 1781 1166 1843 inclina-

98 1864 186 1926 tione-
202 1864 328 1942 quadam
357 1863 447 1941 etiarn
475 1864 608 1927 hostium
633 1859 837 1926 Corbulonem
854 1865 1034 1943 praetulere.
1079 1866 1165 1928 Unde

95 1947 249 2009 discordia
271 1948 350 2010 inter
372 1948 474 2022 duces,
498 1959 641 2029 querente
660 1949 808 2010 Ummidio
824 1959 981 2028 praerepta
998 1967 1075 2029 quae
1098 1950 1164 2012 suis

95 2031 232 2111 consiliis
265 2033 460 2111 patravisset,
497 2042 626 2097 testante
659 2040 762 2094 contra
786 2031 957 2095 Corbulone
984 2052 1045 2094 non
1074 2034 1203 2114 priusan

62 2132 64 2137 '
96 2135 273 2178 conversum
296 2136 397 2196 regem
421 2119 456 2179 ad
482 2118 652 2180 offerendos
675 2114 798 2176 obsides
821 2135 908 2193 quam
926 2117 992 2196 ipse
1009 2118 1068 2178 dux
1082 2119 1163 2180 bello

98 2201 231 2279 delectus
255 2221 325 2281 spes
349 2203 414 2263 eius
438 2202 474 2264 ad
498 2210 610 2262 metum
631 2207 769 2260 mutaret.
813 2200 892 2261 Nero
915 2221 975 2280 quo
1000 2220 1164 2281 compone-

96 2293 143 2345 ret
164 2285 319 2358 diversos,
339 2287 384 2348 sic
406 2285 537 2361 evulgari
559 2283 661 2350 iussit,
686 2283 724 2344 ob
746 2302 795 2344 res
819 2304 834 2345 a
860 2285 1011 2358 Quadrato
1035 2296 1066 2347 et
1088 2287 1164 2349 Cor·
1186 2318 1192 2327 ·

95 2368 206 2429 bulone
237 2389 383 2449 prospere
415 2376 514 2444 gestas
545 2367 660 2457 laprum
689 2366 823 2429 fascibus
853 2369 1058 2454 imperatoriis
1081 2373 1162 2434 addi.

94 2452 177 2524 Quae
200 2453 231 2514 in
254 2455 329 2516 alios
352 2450 492 2513 consules
516 2467 636 2528 egressa
658 2451 828 2514 coniuncri.
863 2496 866 2502 ,
1171 2467 1223 2520 25,

126 2691 148 2738 l.
174 2687 292 2750 Aegina,
327 2682 389 2731 aucb
429 2681 520 2747 Aegae
549 2685 599 2734 und
688 2690 726 2739 ll.
752 2693 892 2752 recentem¹
905 2688 997 2752 gloria
1025 2688 1092 2738 wird
1118 2690 1179 2740 mit.

88 2755 218 2819 A0ga0aa,
237 2764 275 2797 om
288 2747 374 2799 -Meen
650 2755 826 2806 inclinatione
835 2755 951 2820 quadam
960 2757 1165 2807 ellembertinm

124 2825 148 2874 5.
191 2818 326 2880 inanium,
357 2815 455 2867 blosscr
478 2818 601 2870 deusser·
651 2822 728 2872 durcb
747 2829 773 2873 et
789 2823 941 2880 verbunden,
956 2823 1017 2872 weil
1032 2824 1164 2875 esebenso

87 2885 232 2939 tienketten.
368 2934 375 2939 ,
650 2889 701 2939 wie
719 2890 789 2941 diese
806 2889 901 2941 Wnrte
919 2890 992 2940 einen
1011 2889 1097 2941 Grund
1122 2892 1166 2943 lde·

122 2952 152 3011 9.
190 2952 214 3002 6.
239 2952 389 3000 monebant.
432 2952 485 3004 Das
509 2954 601 3020 Object
647 2959 802 3021 praetulere
819 2957 918 3019 angibt:
952 2957 996 3006 ‘sie
1020 2973 1100 3024 rogen
1126 2959 1165 3009 als

43 3073 49 3083 ,
89 3022 123 3071 ist
141 3033 171 3068 eu
190 3018 315 3078 ergdnzeu
334 3032 379 3068 aus
398 3019 446 3070 den
464 3034 513 3072 von
532 3039 600 3073 nun·
651 3025 699 3074 den
725 3039 757 3074 an
783 3025 863 3074 Rubm
887 3024 1010 3074 lrisebern
1038 3027 1088 3074 und
1117 3041 1166 3079 aus

87 3089 134 3138 tiis
156 3083 334 3146 ablrdugenden
352 3085 463 3139 Worten
492 3091 529 3141 ad
545 3090 598 3142 Vo-
650 3092 722 3141 einer
746 3090 871 3153 gewisseu
895 3090 975 3140 selbst
1001 3091 1041 3141 die
1066 3092 1165 3144 Feinde

87 3154 194 3218 lageran
212 3166 308 3216 regern.
414 3217 415 3221 Ἰ
648 3157 866 3207 baberrscbendeu
883 3155 1001 3220 Neigung
1027 3159 1075 3208 den
1100 3159 1166 3211 Cor·

123 3221 163 3271 11.
183 3219 309 3284 Insteius,
334 3221 462 3276 vielleicbt
484 3224 598 3276 Insteius
646 3223 705 3274 bulo
722 3223 783 3277 vor’.
808 3221 866 3284 vgr.
886 3239 908 3272 c.
932 3227 961 3277 lb
980 3226 1103 3275 tornatus
1122 3229 1168 3280 bak

49 3314 56 3320 -
88 3285 190 3352 Capito,
210 3287 256 3337 der
274 3291 360 3355 spiter
382 3293 537 3358 praefectus
555 3308 598 3343 ca·
647 3289 721 3340 Nero
739 3294 766 3338 et
780 3292 933 3355 propinquo
952 3291 1001 3339 die.
1023 3294 1055 3340 ‘25
1073 3294 1166 3357 impu.

84 3359 204 3404 atrorum
221 3355 254 3405 im
272 3355 340 3408 Heer
357 3359 401 3411 des
410 3359 518 3410 Corbulo
530 3373 595 3410 war.
649 3359 733 3406 redata
750 3361 776 3405 et
790 3359 921 3422 praernirb
937 3362 1017 3420 ntqne
1042 3359 1099 3421 ipre
1117 3377 1165 3413 oc.

87 3420 114 3471 S.
133 3436 154 3471 c.
173 3423 213 3474 39.
501 3433 503 3436 ’
649 3423 736 3474 cultus
764 3429 791 3474 et
808 3424 967 3489 pleramque
989 3438 1080 3474 coram
1095 3443 1165 3492 pro-

125 3491 163 3540 12.
183 3493 276 3556 priore
294 3493 325 3542 ele
343 3509 438 3557 cansa,
455 3506 545 3555 wesen
563 3490 598 3540 ei·
646 3495 775 3556 spectans.
834 3534 837 3547 .

86 3559 270 3677 armant
287 3556 597 3677 art-,amantiae
647 3591 851 3709 ,ppqo
872 3590 1160 3658 ω
1216 3627 1219 3633 -

87 3692 213 3743 zwiscben
232 3693 376 3760 Quadratus
393 3690 443 3740 und
460 3689 597 3752 Vologeses
672 3674 705 3721 3·
751 3695 756 3708 '
811 3695 818 3707 ⁶

85 3760 235 3812 verbandelt
251 3775 315 3810 orm.
682 3759 723 3810 24.
749 3757 867 3819 faecibus
890 3762 1080 3827 imperatorin.
1112 3763 1162 3817 Die

123 3830 162 3878 14.
182 3829 294 3878 Arrium
311 3823 423 3875 Verrem.
456 3824 482 3875 S.
503 3823 533 3874 ll.
554 3824 596 3877 lll.
648 3825 740 3876 Kaisar
757 3827 842 3876 butten
858 3827 909 3878 wie
919 3830 960 3880 die
974 3829 1161 3895 jedesmaligeu

86 3894 166 3945 cnut
184 3895 207 3944 d.
228 3893 326 3971 dnm*
514 3959 517 3963 ,
582 3948 586 3953 ,
649 3891 757 3944 Cbnsuln
779 3895 808 3946 12
827 3895 927 3948 Fasces.
962 3896 1010 3947 llio
1028 3896 1094 3949 LlV.
1118 3903 1159 3951 10.
