2550 4350
41 274 46 288 ·
125 249 166 319 54
518 253 663 307 nonnum
680 240 793 311 rlcrrr
937 331 940 335 ι
1062 256 1184 320 (tuan

65 472 69 479 ,
125 413 254 481 intuens.
296 408 477 473 Ferebantur
498 417 527 470 et
550 408 642 488 spolia
664 406 805 473 Varianae
827 407 927 480 cladis,
953 407 1111 488 plerisque
1125 429 1180 493 eu·

74 500 191 569 58rupr
214 495 346 575 quitum
375 495 405 555 in
433 493 612 555 deditionem
640 493 794 556 veniebant
819 494 945 573 praedae
973 494 1054 565 data3
1092 495 1181 558 simul

124 576 264 661 Segestes
287 579 367 660 ipse,
395 579 499 659 ingens
529 579 594 640 visu
622 587 651 639 et
672 580 813 640 memoria
839 579 935 641 bonae
958 579 1108 640 societatis
1131 580 1181 641 in-

121 666 256 748 pavidus.
299 665 393 739 Verba
415 664 479 726 cius
501 663 633 724 inbunc
660 664 777 724 modurn
807 665 902 724 luere.'
940 662 1004 723 Non
1032 663 1082 725 bic
1109 666 1180 726 milri

21 788 28 804 ,
121 752 238 832 primus
268 768 335 828 erga
365 749 507 830 populum
534 744 709 823 Romenum
733 748 801 824 fidei
836 757 866 808 et
892 748 1075 811 constantiae
1103 750 1211 812 diest

75 848 97 913 ¹,
121 835 166 905 Ila
187 855 245 915 quo
268 853 284 897 a
305 835 372 895 divo
394 836 525 912 Angusto
545 833 661 907 civitate
684 833 809 895 donatus
828 852 912 913 sum,
944 834 1055 895 amieos
1077 834 1177 896 inimi-

121 939 233 1000 cosque
248 938 283 981 ex
298 909 406 979 r'estris
421 918 595 980 utilitatibus
611 917 714 996 delegi,
736 937 831 997 neque
848 914 915 979 odio
930 920 1042 996 patriae
1059 921 1180 999 (quippe

120 1004 291 1087 proditores
308 1003 394 1067 ctiam
410 1004 448 1063 iis
463 1022 539 1082 quos
561 1011 744 1082 anteponunt
765 1002 848 1065 invisi
873 1011 962 1078 sunt),
987 1022 1087 1064 verum
1111 1004 1177 1082 quia

121 1090 263 1159 Romanis
286 1089 497 1166 Germanisque
519 1089 595 1148 idem
623 1088 787 1148 conducere
815 1098 844 1149 et
869 1106 969 1166 pacem
997 1107 1084 1166 quarn
1112 1089 1177 1151 bel-

121 1174 182 1241 lum
203 1173 374 1255 probabam.
417 1172 495 1250 Ergo
517 1181 666 1251 raptorem
689 1172 765 1233 tiliae
792 1191 888 1242 meae,
918 1172 1087 1234 violatorem
1110 1175 1175 1235 loe·
1189 1185 1223 1236 td

122 1259 200 1329 deris
223 1259 325 1330 vestri,
347 1257 507 1319 Arminium
530 1258 744 1336 aput'Varum.
764 1258 819 1335 'qui
834 1266 908 1321 -turn
927 1259 1065 1318 exeruitui
1088 1277 1177 1337 prae-

124 1344 249 1416 sidebat,
271 1361 354 1405 reum
377 1342 441 1405 leci.
475 1341 586 1403 llilatus
610 1342 732 1419 segnitia
754 1341 851 1414 ducis,
874 1343 941 1420 quia
963 1361 1066 1420 parum
1089 1363 1176 1423 prae-

123 1429 191 1491 sidii
213 1428 242 1488 in
263 1428 378 1506 legibus
401 1435 473 1495 erat.
497 1436 528 1488 ut
550 1445 596 1489 me
619 1435 648 1486 et
662 1426 823 1487 Arminium
846 1436 876 1488 et
897 1427 1033 1488 conscios
1056 1427 1179 1490 vinciret

121 1513 255 1592 flagitavi.
288 1512 386 1575 Testis
403 1512 449 1572 illa
464 1530 533 1582 nox,
557 1512 627 1572 mihi
650 1511 759 1572 utinam
775 1511 873 1590 potius
890 1509 1064 1572 novissima!
1094 1513 1178 1584 Quae

123 1607 223 1663 secuta
246 1607 324 1669 sunt,
347 1597 447 1659 delleri
470 1596 563 1675 magis
585 1615 670 1675 quarn
693 1596 809 1659 delendi
824 1607 960 1675 possunt.
996 1597 1131 1658 Ceterum
1148 1609 1178 1658 et
1191 1610 1223 1660 1⁵

121 1682 208 1749 inieci
229 1692 346 1744 catenas
367 1681 516 1752 Arminio,
552 1690 579 1742 et
602 1701 617 1740 a
641 1681 766 1742 factione
789 1681 853 1742 eius
875 1681 996 1743 iniectas
1019 1701 1179 1760 perpessus
1210 1708 1215 1715 ¹

122 1785 199 1831 sum.
242 1768 335 1846 Atque
357 1767 406 1828 ubi
428 1767 556 1846 primum
585 1767 625 1827 tui
648 1765 749 1844 copia,
783 1776 880 1828 vetera
910 1767 996 1828 novis
1025 1775 1054 1827 et
1081 1769 1180 1846 quieta

121 1851 247 1919 turbidis
269 1851 447 1925 antehabeo,
476 1870 570 1930 neque
592 1851 630 1912 ob
651 1849 829 1930 praemium,
860 1852 912 1912 sed
936 1862 967 1912 ut
989 1870 1036 1912 rne
1058 1853 1180 1932 perfidie

121 1937 279 2010 exsolvam,
302 1936 390 1998 simul
404 1936 483 2015 genti
500 1936 712 1999 Germanorum
728 1935 852 1997 idoneus
867 1936 1045 2008 conciliator,
1065 1937 1090 1997 si
1106 1956 1178 2016 pae-

120 2021 272 2084 nitentiam
295 2041 381 2100 quam
407 2022 571 2101 permitiem
601 2021 744 2082 maluerit.
787 2022 846 2081 Pro
873 2019 988 2081 iuventa
1018 2031 1046 2083 et
1074 2033 1226 2083 erraretu-

119 2106 171 2168 filii
193 2109 306 2169 reniam
336 2125 457 2186 precor:
489 2107 578 2171 liliam
606 2107 782 2167 necessitate
809 2106 867 2166 hue
892 2106 1044 2166 adductam
1074 2106 1177 2168 fateor.

119 2192 216 2253 Tuum
239 2193 296 2252 erit
317 2192 484 2252 consultare
506 2200 602 2250 utrum
626 2191 788 2268 praevaient
810 2190 888 2269 quod
905 2209 938 2249 ex
954 2191 1085 2250 Arminio
1102 2211 1176 2252 con-

120 2277 198 2354 cepit
223 2294 259 2336 an
282 2276 361 2353 quod
384 2294 419 2334 ex
442 2294 488 2335 rne
509 2274 604 2352 genita
628 2284 683 2336 est.
733 2275 839 2336 Caesar
866 2274 1000 2335 clementi
1031 2294 1176 2354 responso

118 2359 219 2439 liberis
242 2359 475 2438 propinquisque
497 2360 561 2420 eius
577 2360 816 2432 incolomitatem,
840 2359 896 2437 ipsi
916 2359 1016 2420 sedern
1032 2370 1131 2422 vetere
1147 2362 1177 2422 in

117 2444 268 2525 provincia
290 2443 455 2523 pollicetur.
499 2443 665 2506 Exercitum
689 2444 804 2506 reduxit
826 2462 991 2524 nomenque
1012 2446 1223 2526 imperato-25

150 2605 199 2669 58.
242 2613 264 2665 2.
295 2612 376 2662 simul
407 2611 525 2677 Segestae
560 2617 622 2680 ipse.
675 2619 763 2667 tamur
780 2612 850 2662 nibil
861 2629 941 2678 posse
956 2617 1061 2681 percipi
1080 2615 1121 2666 tur
1137 2619 1179 2666 rri-

22 2722 25 2729 .
62 2712 64 2717 -
117 2677 211 2728 Hierzu
229 2679 262 2730 ist
279 2694 324 2730 aus
342 2680 498 2742 ferebantur
516 2683 561 2733 der
579 2683 624 2735 all·
675 2687 763 2732 tomam
780 2685 811 2730 ut
826 2709 861 2717 —
878 2681 1032 2743 efficiamus.

116 2747 335 2811 gemeinebegrill
350 2749 394 2799 des
408 2748 574 2801 Ersobeiueus
592 2767 624 2801 zu
709 2752 747 2801 14.
766 2749 814 2799 illa
831 2765 894 2799 noan.
925 2749 1034 2802 Sobb.
1061 2750 1113 2800 lien
1135 2751 1180 2801 lol-

116 2817 270 2877 cntnebnaen.
674 2818 769 2880 genden
781 2816 895 2868 Wuuscb
915 2817 968 2880 lirgt
985 2833 1014 2868 cr
1030 2818 1102 2868 biuzu
1121 2819 1181 2871 weil

148 2886 172 2936 3.
193 2885 284 2948 bonae,
303 2885 354 2934 der*
366 2893 422 2935 trcu
439 2884 594 2936 bewnbrten.
674 2901 704 2935 er
720 2900 751 2935 an
770 2886 814 2934 des
832 2884 915 2934 Varus
933 2885 1102 2948 Vernicbtung
1130 2889 1181 2938 und

149 2953 172 3005 9.
201 2952 271 3002 idem
297 2952 442 3003 conducere
468 2981 503 2991 -
523 2956 623 3019 proba·
674 2954 720 3002 den
739 2955 840 3018 spdtcrn
857 2952 965 3012 Krieqen
990 2951 1062 3001 Tbeil
1080 2969 1184 3012 genaru-

116 3018 182 3071 dum.
226 3019 325 3069 Kurzer
349 3021 481 3072 Ausdruclr
505 3022 547 3071 l'rir
573 3022 622 3071 ‘die
673 3036 742 3077 nrcn;
762 3019 924 3069 waraulsicb
940 3020 1002 3069 anob
1017 3019 1186 3075 daslltclsre·

115 3085 323 3150 Ausiobtbilligtc
337 3088 402 3139 duss’
419 3105 442 3139 u.
454 3105 473 3139 ι.
486 3105 518 3139 w.
540 3088 622 3139 Eben·
672 3087 789 3151 bezicbt.»

116 3168 144 3205 so
163 3153 192 3204 G.
208 3157 236 3206 13
261 3171 337 3207 arina
359 3173 462 3207 sumere
488 3172 541 3207 nun
560 3160 621 3206 ante
706 3156 744 3205 20.
761 3155 910 3217 permitiem
938 3154 978 3204 lrir
1001 3155 1047 3206 dus
1073 3173 1118 3208 uns
1136 3174 1181 3221 ge-

115 3222 240 3286 cur'quam
255 3227 338 3274 moris
356 3241 435 3290 quam
453 3227 546 3274 civitas
562 3224 620 3284 rus-
671 3221 809 3272 wdbnliclre
823 3223 977 3286 perniciem.

115 3287 247 3350 facturum
261 3293 423 3357 probaverat
451 3292 520 3343 Ganz
539 3292 620 3341 Aebn-
704 3292 838 3341 rnorem
850 3292 1179 3356 inprovtneia,a1ntinlcn

114 3354 191 3409 liebes
210 3358 253 3408 bat
269 3362 343 3410 scbon
355 3361 395 3411 die
406 3360 486 3411 altere
499 3359 616 3424 Sprache.
670 3356 816 3407 llbeinuler.
850 3357 894 3409 Als
912 3360 1093 3410 ncueProvinz
1111 3362 1175 3411 wird

114 3424 165 3477 wie
182 3425 302 3478 adducor
319 3429 369 3478 boe
386 3430 424 3478 ita
441 3442 496 3477 eree
513 3430 622 3476 stattut
671 3425 716 3475 das
740 3424 848 3487 gedncbt
869 3443 924 3477 was
951 3429 991 3490 die
1016 3429 1107 3478 lldnrer
1129 3446 1178 3480 vor
1221 3475 1224 3482 .

115 3492 165 3545 toa
181 3497 220 3544 ita
237 3512 290 3546 erre
308 3496 428 3557 credam5
446 3494 469 3551 iu
488 3493 618 3543 der-selben
671 3493 716 3543 der
733 3491 885 3556 Niederlage
903 3496 947 3546 des
966 3495 1047 3546 Varus
1069 3498 1117 3547 aul
1131 3499 1180 3548 der·

114 3557 206 3613 Weise
234 3561 518 3618 dornellam
546 3562 619 3611 nodis
669 3563 769 3612 rechten
781 3563 849 3613 Seite
865 3565 981 3614 besessen
998 3564 1090 3621 butten.
1109 3582 1177 3616 wor-

112 3631 205 3694 prr‘ore
222 3634 326 3682 ardone
341 3627 508 3689 eatirsactum
525 3633 564 3678 est
574 3628 619 3680 HS
670 3631 716 3680 nul
737 3632 773 3682 sie
798 3634 885 3682 weder
914 3633 953 3681 ilrr
975 3632 1176 3686 verrueintliclres

115 3696 199 3747 deciae
216 3703 382 3748 numeratum
400 3711 466 3760 erre,
484 3694 547 3762 Nep.
565 3698 615 3747 Att.
669 3698 748 3751 Recbt
765 3702 825 3750 noch
844 3701 884 3750 dle
905 3699 1026 3762 nornung
1043 3701 1089 3752 der
1102 3702 1178 3754 Wis-

114 3765 183 3822 2l.b
208 3765 458 3830 pommeranicum,
485 3769 515 3814 ut
531 3780 617 3830 spero,
669 3766 852 3831 dererlanqrnng
870 3767 1025 3829 urrlqegcben
1044 3770 1137 3820 butten.

113 3831 232 3894 mirarere·
247 3849 288 3883 aare
310 3831 380 3880 nibil
401 3832 500 3897 reliqui
515 3831 616 3897 fecisse,
701 3837 741 3887 25.
758 3837 1037 3900 ponunturper-atomis,
1057 3839 1179 3889 narbder

113 3900 163 3949 und
182 3899 232 3950 Cic.
253 3897 330 3949 Aead.
349 3898 427 3966 prior.
441 3901 471 3952 21
492 3908 556 3952 extr.
576 3904 617 3953 rti-
667 3902 734 3955 alten
754 3903 843 3957 Weise
861 3901 912 3968 llll.
922 3906 972 3968 141,
994 3907 1043 3956 wie
1055 3905 1096 3956 ibn
1109 3908 1174 3957 uucb
