2550 4350
99 230 229 332 pen-eq
281 266 323 318 uu
342 263 495 361 exqussu
511 262 586 331 mvl
599 238 745 318 nucesri
759 264 829 322 xiv.
843 271 883 322 m.
895 272 936 322 ac.
946 268 988 322 21.
1105 261 1165 323 125

59 440 64 446 ·
96 442 163 486 rum
177 420 304 501 quidem
315 420 476 500 antiquitas
491 429 669 494 servaretur,
693 422 832 501 quotiens
855 428 1010 502 praetores
1031 423 1164 505 ederent,

98 506 181 568 nulla
203 504 342 581 cuiquam
371 504 478 564 civium
500 506 682 566 necessitate
711 507 855 568 certandi.
910 506 1049 573 Ceterum
1070 506 1166 568 aboli-

97 601 148 651 tos
168 587 312 668 paulatim
334 588 569 666 patriosfmores
593 590 727 652 funditus
750 591 841 653 everti
857 609 913 670 per
927 590 1053 653 accitam
1074 591 1165 667 lasci-

88 674 192 751 uiam,
208 708 211 713 ·
227 672 367 751 utquud
395 690 521 751 usquam
532 675 696 754 corrumpi
720 683 749 736 et
772 692 967 755 corrumpere
994 683 1099 753 queat,
1132 674 1166 736 iu

71 757 173 818 turbe
194 755 321 828 visatur,
346 757 566 835 degeneretque
589 759 696 819 studiis
720 759 849 841 externis
872 759 1020 831 iuventus,
1043 762 1172 838 gymno·

98 842 143 902 sia
166 848 196 901 et
217 840 278 900 otia
310 847 340 900 et
358 847 465 922 ‘turpes
488 858 607 902 amores
631 844 813 915 exercendo,
843 843 981 922 principe
1004 851 1034 903 et
1055 849 1163 905 senatu

96 924 287 994 auctoribus,
320 924 370 1000 qui
398 941 458 983 non
477 924 570 984 modo
592 925 744 987 licentiam
767 927 847 987 vitiis
870 926 1079 1006 permiserint,
1108 925 1162 995 sed

96 1010 157 1069 vim
181 1007 352 1079 adhibeant,
375 1016 409 1067 ut
429 1025 571 1085 proceres
592 1010 719 1071 Romani
741 1011 844 1090 specie
867 1011 1036 1073 orationum
1052 1019 1082 1071 et
1096 1027 1163 1091 qar-¹

97 1094 213 1154 minum
235 1108 325 1151 scena
348 1090 530 1170 polluantur.·
587 1094 664 1165 Quid
695 1113 869 1174 superesse,
893 1094 961 1168 nisi
982 1104 1015 1156 ut
1037 1095 1166 1173 corpora
1199 1096 1203 1103 '

57 1189 87 1238 10
99 1194 219 1256 quoquc
242 1175 355 1255 nudent
378 1186 407 1234 et
429 1184 548 1237 caestus
571 1179 729 1259 adsumant
749 1193 874 1258 easque
888 1196 1004 1257 pugnas
1026 1197 1082 1258 pro
1105 1177 1163 1237 mi·

96 1261 162 1321 litia
185 1266 215 1320 et
236 1246 327 1321 almis
357 1257 561 1320 meditentur?
596 1262 641 1322 An
674 1261 708 1337 i‘
737 1262 819 1335 [am
843 1263 946 1340 augeri
970 1274 1000 1324 et
1022 1262 1160 1324 decurias

97 1345 230 1423 equitum
251 1342 414 1419 egregium
443 1343 595 1405 iudicandi
622 1362 672 1405 mu
752 1345 952 1426 ¹expleturos,
990 1346 1017 1407 si
1049 1347 1161 1406 hactus

96 1428 189 1490 sonos
213 1434 243 1487 et
263 1425 453 1497 dulcedinem
474 1446 580 1488 vocum
596 1425 885 1514 periteapdissent?
906 1430 1018 1492 Noctes
1041 1447 1162 1509 quoquo

98 1510 240 1573 dedecori
263 1510 412 1582 adiectas,
442 1528 481 1570 ne
503 1512 582 1588 quod
604 1523 730 1593 tempus.
743 1514 853 1595 pudori
875 1514 1076 1595 relinquatur,
1107 1512 1161 1573 sed
1185 1531 1186 1541 ¹

59 1603 187 1657 15ccetu
209 1595 375 1674 promisco,
411 1593 491 1671 quod
513 1593 641 1672 perditis
660 1596 668 1609 ⁰
781 1597 887 1675 uisque
909 1615 966 1676 per
986 1598 1067 1658 diem
1089 1612 1161 1657 con-

98 1678 259 1757 cupiverit,
281 1697 337 1758 per
359 1677 499 1740 tenebras
523 1600 836 1823 anhelemus
866 1679 935 1757 ipso
954 1679 1075 1740 licentia
1098 1678 1212 1757 pla-21

97 1763 200 1833 cebet,
228 1779 270 1822 ac
300 1771 401 1822 tamen
431 1760 556 1822 honesta
574 1760 666 1825 nom
709 1758 975 1841 *praetendebant
1032 1761 1161 1823 Maiores

99 1864 218 1925 quoque
254 1863 315 1906 uon
348 1844 542 1906 abhorruisse
575 1844 816 1923 spectaculorum
850 1844 1077 1906 oblectamentis
1104 1861 1160 1921 pro

97 1931 216 1990 fortuna
241 1947 317 2007 quae
340 1938 401 1989 turn
425 1926 498 2000 erat‘,
522 1947 617 2007 ecque
640 1948 656 1990 a
678 1929 786 2001 'luscis
809 1931 923 1991 accitos
946 1928 1121 2000 histriones,
1144 1944 1161 1988 a

56 2014 222 2074 20Thuriis
246 2030 396 2094 equorum·
413 2013 591 2085 certamina,
616 2022 645 2075 et
667 2031 810 2092 possessa
833 2012 944 2075 Achaia
964 2012 1095 2090 Asiaque
1116 2007 1162 2071 lu'-

98 2099 153 2159 dos
176 2097 309 2157 curatius
332 2097 439 2168 editos,
462 2116 518 2157 uec
541 2116 721 2177 quemquam
735 2099 847 2160 Romae
869 2099 997 2158 honesto
1021 2097 1088 2156 loeo
1113 2113 1161 2154 or-

94 2190 158 2242 tum
182 2181 217 2240 ad
242 2180 401 2241 theatrales
424 2189 504 2242 artes
526 2183 778 2259 degeneravisse,
811 2182 949 2243 ducentis
980 2181 1039 2242 iam
1065 2177 1160 2240 annis

98 2284 115 2326 a
137 2264 172 2326 L.
194 2264 327 2324 Mummii
348 2264 608 2345 'triumphquui
631 2267 745 2346 primus
774 2265 805 2326 id
828 2283 920 2344 genus
943 2263 1108 2344 spectaculi
1130 2262 1161 2324 in

96 2348 170 2410 urbe
192 2347 374 2428 praebuerit.
418 2349 478 2409 Sed
502 2358 531 2409 et
552 2353 722 2413 consultum
746 2345 1075 2430 parsimoniae,'quo·d'
1090 2364 1160 2429 per-

94 2526 178 2594 Spiele
196 2543 227 2575 zu
246 2527 333 2588 geben,
353 2529 450 2579 welche
462 2530 549 2581 lrdher
561 2532 602 2583 die
653 2534 818 2586 weichlichen
836 2531 960 2584 Geibhleu
973 2530 1102 2586 ,aunimmt
1125 2528 1162 2576 in-

92 2593 200 2646 Aedilen
218 2594 307 2654 geben.
330 2592 383 2656 Vgl.
402 2595 421 2644 1.
445 2594 484 2648 lh.
729 2601 765 2650 sie
790 2597 1003 2649 ihre‘natdrliclle
1022 2593 1163 2656 Festiglceit

129 2664 153 2712 5.
172 2663 324 2725 gymnasia.
363 2662 456 2711 llierzu
473 2663 540 2713 wird
558 2679 603 2715 aus
654 2680 686 2715 un
706 2666 799 2715 Arati
816 2664 929 2714 verliert.
1065 2704 1072 2715 ,
1146 2690 1163 2709 s-

93 2726 241 2779 exercendo
267 2727 313 2776 der
336 2727 483 2790 allgemcine
507 2726 605 2792 flegrill
688 2728 786 2787 21.17.
798 2733 913 2779 maiores
925 2741 1030 2792 quoque
1038 2706 1164 2784 constat

96 2796 157 2846 ‘sich
176 2794 260 2856 baiulig
276 2793 392 2845 widmeu'
410 2796 525 2858 gedaoht.
654 2799 698 2848 des
717 2795 969 2860 gebrciuchlichenne
979 2795 1094 2842 maiores
1105 2793 1162 2855 qui-

127 2866 151 2927 }l.
173 2864 228 2911 ndei
243 2865 275 2910 ut
291 2877 406 2928 corpora
424 2864 600 2917 -kmeditcu-
654 2865 720 2915 dem⁴
742 2864 767 2914 S.
789 2880 821 2913 zu
839 2861 880 2913 111.
900 2864 933 2915 54
951 2877 975 2910 ιι.
995 2856 1161 2921 egbirhto
1246 2875 1252 2888 ³

75 2927 145 2991 flur.
164 2928 211 2979 Die
228 2926 475 2990 Nercueen't'varen,
497 2932 547 2984 wic
561 2932 614 2982 dic·
653 2933 744 2994 Etiam
770 2930 794 2981 0.
814 2929 936 2987 Caesarea
960 2928 1076 2977 turbata·
1090 2940 1164 2976 merae

58 3019 63 3023 ·
93 2999 157 3048 oben
171 2997 324 3060 ⁸unqelribrte
342 2998 420 3051 stelle
445 3002 489 3051 des
508 3000 602 3053 streton
653 3003 707 3050 vim
725 2998 832 3049 dicendi
848 3012 902 3046 nou
922 2996 1051 3060 compti:

93 3064 174 3127 zeigt,
201 3066 264 3115 auch
288 3067 430 3133 gymnisch;
466 3069 529 3121 aber
559 3066 600 3118 die
689 3070 726 3119 19.
747 3083 764 3117 α
785 3064 876 3116 Tuscia
894 3065 993 3114 accitos
1011 3063 1161 3123 histrorum,

91 3148 216 3198 proceres
232 3131 359 3199 Romani,
378 3151 427 3185 von
446 3127 527 3186 denen
545 3136 601 3186 bier
653 3137 709 3187 364·
720 3151 743 3185 v.
763 3133 807 3186 Ch.
826 3131 883 3182 Liv.
893 3131 947 3183 Vll.
961 3133 984 3182 2.
1006 3127 1161 3193 renuitae

94 3199 134 3248 die
151 3199 221 3248 Rede
239 3200 280 3258 ist,
294 3202 463 3266 'betheiligten
482 3203 534 3254 sich
554 3219 601 3254 nur
652 3203 685 3252 im
702 3201 790 3251 Laude
809 3201 855 3250 der
872 3198 993 3249 Bruttier.
1029 3192 1161 3246 Da'sdlnt·

51 3311 55 3319 ,
94 3280 133 3314 um
150 3265 290 3316 musiscben
308 3269 405 3335 Kampl.
448 3271 517 3321 Suet.
537 3270 555 3319 1.
576 3287 596 3320 e.
651 3271 741 3320 lehuen
767 3269 818 3327 der,
838 3267 1028 3317 Pierderenneu
1053 3279 1103 3313 ven
1128 3262 1161 3311 da

94 3338 120 3381 et
143 3334 274 3381 orationes
297 3336 402 3397 quidem
424 3340 601 3402 comicisque
650 3337 718 3388 wird
736 3343 807 3386 sonst
824 3335 892 3385 nicht
909 3334 1033 3384 erwahnt.

93 3397 188 3447 Latini
205 3412 338 3462 coronam,
357 3401 389 3449 cle
407 3418 460 3465 que
474 3404 601 3454 honestis-
686 3406 727 3456 20.
746 3417 866 3467 possessa
883 3401 996 3463 Achaia,
1016 3399 1064 3449 146
1076 3411 1103 3444 v·
1114 3393 1159 3444 Ch·

94 3467 176 3514 simus
194 3467 304 3526 quiaque
322 3467 507 3530 contenderat,
531 3472 600 3534 ipso·
635 3471 716 3519 'nach
734 3469 780 3520 der
792 3468 948 3529 Zerstdrung
956 3464 1073 3516 Corinthu
1083 3461 1161 3509 durch

94 3545 156 3582 mm
174 3545 301 3580 conserere
319 3539 467 3582 concessam
494 3536 546 3583 sibi
562 3552 602 3585 re·
654 3537 700 3586 den
720 3534 799 3598 glelch
811 3532 989 3598 genenntenL.
1002 3529 1145 3579 Mummius
1151 3544 1162 3586 ,-

95 3599 173 3662 eepit.
653 3604 733 3665 Asia,
765 3605 812 3655 130
829 3620 854 3653 ιι.
871 3602 920 3651 'Ch
942 3600 1004 3648 nach
1023 3594 1163 3654 Besieguug
1237 3650 1240 3655 ¹

131 3667 169 3714 11.
198 3665 320 3725 decuriae
348 3667 472 3730 equitum.
510 3667 535 3717 S.
566 3684 603 3718 'zu
655 3671 699 3720 des
718 3670 883 3721 Aristonicus.
914 3667 939 3716 S.
961 3680 992 3714 zu
1010 3660 1066 3712 Xll.
1085 3660 1127 3710 62·

94 3733 200 3784 11130.
420 3782 424 3790 ,
688 3739 728 3787 21.
748 3739 878 3788 eucratium·
915 3733 940 3783 S.
965 3729 1031 3795 zui.
1054 3727 1092 3778 13.
1129 3790 1134 3802 Ι

131 3800 171 3849 12.
189 3799 297 3859 fructos.
338 3798 501 3850 Gebrcchenc
532 3800 602 3852 Tdoe
688 3805 728 3855 23.
750 3804 781 3854 id
800 3816 887 3868 pecua
909 3793 1070 3864 spectaculi,
1097 3805 1164 3853 81'10·

94 3867 151 3923 sind
178 3866 218 3916 die
245 3865 341 3918 welche
370 3868 411 3918 die
437 3866 538 3919 Stimme
561 3869 603 3922 bei
655 3870 755 3922 chisehe
773 3870 865 3937 Spiele.
