2550 4350
173 346 233 409 182
314 344 321 361 ‘
582 351 741 406 connunn
758 350 870 403 raeiri
929 360 932 367 ¹
1135 356 1247 422 (aum

173 511 347 592 provinciae
370 527 490 571 eversae
513 508 649 587 sociique
671 505 775 586 populi
798 514 828 566 et
850 522 924 584 quae
948 505 1127 568 civitatium
1145 509 1247 572 liberae

172 604 326 657 vocantur.
349 595 442 673 lnque
465 611 531 654 eam
554 593 695 671 praedam
719 591 808 651 etiam
832 589 874 650 dii
898 607 1034 664 cessere,
1060 592 1244 671 spoliatisiu

174 681 248 743 urbe
283 679 402 758 templis
435 685 598 756 egestoque
633 694 707 736 auro
734 674 814 753 quod
845 673 1021 752 triumphis
1061 679 1150 755 quod
1180 680 1244 741 votis

173 765 272 827 omnis
295 764 397 843 populi
420 762 546 823 Romani
570 771 653 822 aetas
675 776 821 838 prospere
844 758 948 818 autin
964 769 1051 820 metu
1070 772 1243 825 sacraverat

171 850 330 910 Enimvero
359 866 414 926 per
434 846 535 909 rislam
565 840 654 924 atque
675 843 817 905 Achaiam
846 861 907 902 non
935 841 1018 903 dona
1049 854 1173 909 tantum
1200 848 1260 911 sede

174 920 515 994 simulacra'numinum
544 929 778 1008 abripiebantur,
807 926 909 986 missis
938 925 971 985 in
995 946 1053 989 eas
1078 933 1243 1008 provincias

172 1019 280 1079 Acrato
303 1035 337 1077 ac
361 1017 498 1077 Secundo
516 1014 679 1077 Carrinate.
702 1013 754 1073 llle
777 1011 900 1079 libertus
924 1010 1117 1093 cuicumque
1141 1016 1242 1094 flagitio

174 1111 346 1180 promptus3
376 1101 426 1160 bic
450 1101 560 1160 Graeca
589 1099 725 1165 doctrina
748 1116 800 1157 ore
823 1105 910 1156 tenus
933 1097 1093 1158 exercitus
1120 1101 1240 1161 animun

172 1185 262 1246 bonis
285 1184 398 1244 artibus
420 1202 481 1243 non
504 1183 652 1243 induerat.
679 1181 843 1242 Ferebatur
865 1182 991 1253 Seneca,
1009 1184 1083 1260 ‘quo
1109 1184 1239 1246 invidiam

171 1268 320 1343 sacrilegii
336 1286 351 1326 a
368 1277 463 1326 semet
479 1274 634 1334 averteret,
656 1265 812 1343 longinqui
829 1264 907 1324 ruris
923 1282 1087 1327 secessum
1104 1270 1271 1339 oravisset.

173 1359 203 1411 et
223 1357 382 1426 postquam
405 1367 465 1407 non
489 1348 719 1419 concedebatur,
742 1349 812 1408 licta
833 1348 1017 1421 valetudine,
1049 1354 1145 1430 quasi
1167 1371 1241 1432 aeger

172 1433 281 1500 nervis,
305 1431 474 1492 cubiculum
496 1449 556 1491 non
580 1449 730 1509 egressus.
759 1432 924 1512 Tpadidere
946 1433 1077 1511 quidam
1102 1455 1240 1500 venenum

173 1516 208 1576 ei.
223 1533 278 1594 per
299 1515 438 1579 libertum
461 1514 567 1594 ipsius,
591 1516 639 1577 cui
663 1534 773 1576 nomen
797 1516 967 1589 Cleonicus,
996 1530 1146 1597 paratum
1169 1523 1241 1584 iussu

170 1600 308 1670 Neronis,
338 1600 522 1679 vitatumque
545 1620 561 1662 a
584 1603 702 1664 Seneca
721 1601 893 1679 proditione
914 1599 1019 1662 liberti
1046 1606 1104 1667 seu
1126 1607 1240 1686 propria

172 1685 342 1757 formidine,
366 1685 436 1746 dum
458 1685 645 1764 persimplici
667 1686 747 1746 victu
771 1693 800 1747 et
822 1684 992 1762 agrestibus
1014 1691 1135 1766 pomis,
1164 1711 1198 1755 ac
1217 1691 1264 1750 site

173 1770 240 1831 sitis
263 1770 447 1842 admoneret,
470 1770 639 1848 profluente
663 1788 738 1849 aqua
761 1769 851 1830 vitam
872 1769 991 1831 tolerat.

120 1852 162 1914 46
258 1855 316 1915 Per
347 1854 428 1915 idem
457 1861 576 1932 tempus
599 1854 780 1930 gladiatores
804 1854 883 1933 apud
907 1854 1059 1933 oppidum
1082 1859 1238 1922 Praeneste

174 1947 314 2016 temptata
330 1938 488 2016 eruptione
503 1939 657 2016 praesidio
672 1938 786 2010 militis,
811 1939 861 2018 qui
878 1947 981 1998 custos
998 1942 1099 2016 adest,
1125 1941 1238 2007 coerciti

173 2030 251 2095 sunt,
280 2023 340 2083 iam
362 2023 537 2100 Spartacum
568 2032 598 2084 et
626 2030 723 2084 vetera
752 2023 829 2083 mala
851 2023 1024 2103 rumoribus
1051 2028 1171 2091 serente
1190 2046 1235 2107 po·

171 2107 254 2186 pulo,
277 2114 309 2165 ut
331 2114 378 2166 est
400 2124 542 2167 novarum
565 2125 663 2168 rerum
687 2107 811 2185 cupiens
833 2106 1030 2185 pavidusque.
1063 2112 1129 2174 Nec
1153 2113 1262 2175 multott

171 2198 242 2268 post
264 2189 363 2250 clades
386 2190 430 2250 rei
446 2190 559 2250 navalis
575 2191 729 2268 accipitur,
754 2209 814 2250 non
830 2191 909 2251 bello
926 2192 1056 2272 (quippe
1072 2197 1156 2259 baud
1172 2197 1235 2258 alias

171 2279 231 2331 tam
255 2272 376 2339 irnmota
399 2278 484 2350 par):
507 2275 559 2334 sed
584 2282 697 2334 certum
721 2275 756 2333 ad
780 2274 860 2334 diem
882 2275 913 2334 in
930 2275 1130 2356 Campaniam
1146 2282 1233 2342 redire

173 2353 299 2413 classem
329 2355 407 2414 Nero
436 2356 575 2427 iusserat,
602 2374 663 2415 non
697 2357 830 2436 exceptis
861 2360 952 2419 maris
982 2363 1120 2426 casibus.
1162 2367 1233 2442 Ergo

203 2552 226 2601 l.
244 2552 623 2615 provincioobezeicbnctlrier
636 2555 676 2605 dic
761 2560 787 2608 4.
807 2557 872 2608 Dnss
886 2574 1018 2624 prospere
1037 2562 1074 2614 ist
1097 2565 1138 2615 ‘im
1146 2563 1231 2620 Gldel',

167 2618 433 2683 sobleobtgestellteste
452 2620 540 2672 Classe
567 2623 613 2673 der
635 2625 676 2672 rb·
724 2640 929 2690 praeprospera,
953 2628 1090 2690 zeigt'das
1108 2632 1233 2696 augeligtc

166 2688 276 2737 miscben
303 2687 481 2749 Untertbanen‚
511 2690 551 2740 die
578 2693 676 2757 ceipen—
726 2694 756 2740 e'n
773 2698 851 2744 metae.
1072 2698 1085 2718 '

168 2755 255 2817 dorii;
285 2756 325 2806 die
348 2758 422 2821 socii,
450 2767 521 2809 sonat
544 2760 607 2809 aucb
625 2758 674 2809 ello
761 2763 785 2810 5.
807 2760 885 2823 dona,
903 2752 1139 2824 Weibgescbenlre.

165 2820 343 2887 Nicbtbrirger,
365 2825 420 2876 bier
437 2826 676 2887 diectoituteafoo-
760 2830 783 2877 7.
816 2827 962 2877 damnate.
990 2828 1107 2886 Xlll.10
1129 2833 1232 2884 Οανίηω

167 2889 282 2955 daretne,
305 2893 344 2942 die
363 2892 556 2956 bevorzugteste
576 2893 671 2951 Classe,
727 2892 808 2945 Celer.
843 2894 895 2944 Dus
913 2894 1030 2962 doppelte
1048 2915 1066 2949 r
1083 2902 1130 2951 aul
1143 2902 1232 2952 nebe-

166 2958 299 3020 eigeutlicb
318 2960 476 3022 unabbeingig
493 2961 532 3011 bis
551 2962 598 3010 aul
609 2961 675 3010 Stel·
725 2977 771 3011 ren
794 2961 952 3021 luscbrilten,
981 2963 1124 3020 besonders
1141 2968 1228 3019 liciter.

165 3023 226 3085 lnng
244 3041 290 3074 von
310 3026 437 3075 Soldaten.
465 3027 512 3076 Mit
530 3028 578 3076 den
596 3027 676 3077 Wor-
728 3029 797 3078 Fast.
817 3045 841 3093 p.
864 3028 986 3080 CCXLV.
1025 3033 1081 3085 Der
1106 3052 1155 3087 voe
1173 3034 1230 3087 care
1274 3057 1275 3074 r

165 3097 208 3138 ten
226 3105 293 3152 quae
311 3095 459 3140 civitatium
472 3093 675 3142 bbcrueoocau-
727 3094 785 3154 gule
803 3096 1231 3154 verbanutellbetorCae-rdnaesc
1272 3107 1275 3160 l

166 3159 211 3203 tur
235 3154 332 3204 ondliob
350 3157 453 3204 werden
471 3157 567 3206 sowobl
586 3158 625 3207 die
645 3160 676 3208 li·
727 3161 829 3211 cemdus
846 3167 1123 3222 warwabrrcbeinlicb
1137 3169 1231 3222 derVa-
1272 3171 1275 3202 ¹

165 3220 242 3269 berae
259 3221 291 3268 im
309 3237 417 3282 engeren
428 3222 511 3281 Smne,
532 3224 578 3274 ulit
588 3225 676 3289 signer
726 3235 767 3278 ter
779 3229 871 3280 dieses.
892 3231 939 3282 Dio
946 3233 1014 3284 LIX.
1025 3239 1066 3288 20.
1077 3237 1132 3289 luv.
1142 3243 1166 3297 7,
1176 3241 1229 3291 20l.
1256 3213 1275 3287 .l

162 3286 309 3349 Regiorung
328 3290 376 3337 und
389 3288 614 3351 Gericbtsbarlcit,
636 3294 673 3346 als
758 3296 808 3346 Ille
825 3325 857 3335 -
873 3307 1032 3366 promptam,-
1050 3306 1096 3356 bio
1114 3324 1138 3357 u.
1159 3322 1179 3357 s.
1199 3320 1228 3354 w.

164 3353 204 3404 die
223 3354 321 3404 liberae
339 3358 669 3422 ettmmameabezeicbnot,
705 3360 841 3415 .Dieselbe
860 3367 934 3417 llorm
957 3369 1003 3419 der
1021 3371 1095 3424 Rode
1119 3390 1166 3424 ron
1191 3374 1231 3424 der

165 3423 205 3471 die
223 3438 254 3471 zu
268 3423 346 3486 jeneu
364 3423 518 3489 Privilegien
536 3432 597 3481 nacb
617 3431 672 3482 dem
724 3447 755 3481 zu
773 3432 816 3484 lV.
837 3436 878 3486 28.

162 3489 296 3543 Wortlaur
315 3491 606 3556 nocbrlbgabenlreibeit
616 3500 671 3549 bal·
754 3497 807 3556 46.
827 3504 866 3552 tr.
878 3503 1027 3567 hucberto,
1038 3508 1229 3565 nabebeiflom,

160 3565 218 3607 ten:
249 3557 317 3608 diese
335 3562 426 3626 pllegte
445 3563 508 3614 aber
523 3567 611 3617 weder
628 3567 670 3616 bei
720 3568 766 3618 das
784 3569 884 3630 beutige
903 3569 1055 3622 Palestrina.

161 3624 235 3674 ibnen
255 3628 315 3675 nocb
334 3627 375 3677 bei
387 3629 433 3680 den
442 3631 597 3693 foederatae
606 3633 669 3684 voll-
757 3638 796 3686 18.
818 3636 899 3699 adest,
918 3637 978 3687 weil
996 3639 1055 3690 dort
1073 3643 1233 3695 einbleiben·

161 3693 262 3756 staindig
279 3711 310 3744 zu
329 3696 391 3746 sein.
721 3703 767 3751 der
784 3703 863 3751 laedor
878 3704 1062 3766 gladiatorius
1074 3712 1124 3762 urit
1137 3715 1232 3764 steben·
1270 3707 1272 3744 ἕ

195 3763 220 3811 2.
242 3764 271 3810 r‘n
288 3779 346 3811 corn
363 3763 497 3827 praedam
510 3779 608 3814 cessere
624 3766 669 3817 ‘sio
721 3769 766 3818 der
784 3769 927 3833 Resutzung
944 3787 1007 3822 war.
1270 3812 1271 3820 ,

91 3837 94 3843 ’
160 3827 266 3887 wurden
294 3829 334 3878 ein
361 3828 433 3879 Tbeil
460 3830 544 3879 dieser
571 3832 665 3890 Beute’,
756 3837 796 3886 19.
817 3835 985 3903 &reclamare
1003 3841 1052 3891 den
1071 3842 1175 3908 Fribrer
1192 3849 1233 3898 des
1270 3875 1272 3906 ‚

160 3893 292 4011 gpeppelpp
311 3896 396 3945 dieser
413 3895 587 3960 Pldnderung'.
608 3900 665 3962 Vgl.
719 3916 825 4020 grozspn
844 3903 1109 3973 Selar'cuaulstaudes,
1134 3917 1230 3969 73-'ll
1270 3915 1273 4008 ἶ
