2550 4350
99 294 226 356 ecam
240 290 282 342 Aa
299 290 451 343 excessu
469 289 537 344 nivi
554 289 696 343 nuonsm
712 272 976 346 uriacensem.
988 295 1030 347 ce.
1095 282 1153 344 195
1248 298 1253 312 ¹

102 448 168 508 dem
192 445 344 506 conscium
368 454 397 505 et
418 445 625 526 inquisitorem
649 465 709 506 non
731 446 907 507 tolerabant.
934 447 1011 524 Ergo
1033 448 1154 509 instanti

101 530 309 610 minitantique
324 529 464 609 renidens
477 531 637 592 Scaevinus
653 531 801 592 neminem
818 531 859 592 ait
874 531 958 609 plura
973 532 1050 593 scire
1067 549 1153 609 quarn
1233 602 1236 606 A

88 616 209 694 ipsum,
231 616 424 694 hortaturque
446 615 534 685 ultro,
558 616 695 677 redderet
716 625 774 676 tam
797 616 876 676 bono
899 615 1028 695 principi
1050 616 1154 676 vicent.

100 701 166 761 Non
188 719 242 760 vox
264 701 419 761 adversum
441 719 475 761 ea
497 700 618 773 Faenio,
647 719 705 760 non
729 701 888 771 silentium,
916 702 968 761 sed
992 701 1080 761 verba
1102 719 1156 762 sna

77 785 301 864 apraepediens
325 793 354 844 et
368 785 485 863 pavoris
502 786 687 857 manilestus,
711 785 878 865 ceterisque
893 804 927 846 ac
943 786 1069 847 maxime
1086 780 1157 847 Cer·
1233 814 1238 827 =

100 870 183 930 vario
205 869 342 940 Proculo,
367 870 466 947 equite
480 869 624 939 Romano,
647 871 683 931 ad
700 870 933 930 convincendum
951 890 1016 931 enm
1033 869 1155 943 oonisis‚

102 955 187 1015 iussu
217 953 406 1032 imperatoris
436 973 451 1013 a
475 954 577 1015 Cassio
605 954 708 1026 milite,
734 955 788 1034 ‚qui
815 956 853 1015 ob
882 954 998 1032 insigne
1021 953 1156 1034 corporis
1252 966 1257 974 ’

102 1039 195 1099 robur
217 1038 361 1110 adstabat,
386 1039 546 1117 corripitur
566 1039 763 1117 vinciturque.
784 1039 851 1099 Mox
867 1041 1029 1100 eorundem
1045 1039 1156 1100 indicio
1168 1040 1208 1103 67

103 1122 229 1183 Subrius
250 1122 356 1184 Flavus
386 1122 521 1184 tribunus
549 1124 735 1202 pervertitur,
764 1123 862 1202 primo
885 1123 1157 1185 dissimilitudinem

64 1217 219 1268 tomorum
242 1206 277 1268 ad
301 1207 506 1268 defensionem
528 1209 659 1275 trahens.
683 1227 780 1287 neque
802 1227 842 1269 se.
858 1218 1000 1269 armatum
1023 1228 1088 1270 cum
1111 1207 1158 1269 in·
1220 1227 1222 1232 ⁸

104 1292 236 1354 ermibus
265 1300 294 1351 et
316 1292 495 1351 effeminatis
517 1300 628 1353 tantum
652 1293 767 1354 lacinus
791 1293 1047 1365 consociaturum
1078 1292 1156 1365 dein,

103 1385 261 1456 postquam
285 1376 453 1452 urgebatur,
476 1377 677 1438 consessionis
700 1377 823 1455 gloriam
846 1377 1006 1457 amplexus.
1028 1379 1158 1439 Interro-

105 1470 249 1539 gatusqne
279 1480 295 1522 a
317 1460 435 1520 Nerone
464 1461 570 1541 quibus
599 1462 696 1523 causis
720 1462 756 1522 ad
779 1462 957 1524 oblivionem
980 1462 1167 1528 sacramenti·

103 1545 311 1625 processisset,
336 1545 462 1605 Oderam
487 1555 523 1615 te,
553 1546 658 1624 inquit.
703 1547 764 1607 Nec
787 1547 943 1626 quisquam
966 1548 1020 1608 tibi
1042 1547 1160 1608 fidelior

67 1642 96 1692 15
108 1630 233 1690 militum
263 1629 327 1700 luit,
357 1628 426 1688 dnm
455 1629 545 1689 amari
574 1630 722 1690 meruisti:
752 1630 852 1689 odisse
875 1630 971 1709 coepi,
1000 1640 1157 1710 postquam
1199 1628 1204 1637 '

106 1715 253 1794 parricida
284 1714 387 1773 matris
417 1725 446 1773 et
468 1713 577 1784 uxoris,
607 1714 706 1789 auriga
728 1721 758 1772 et
779 1713 884 1774 histrio
908 1723 937 1773 et
958 1714 1159 1775 incendiarius

45 1867 49 1874 ,
108 1799 241 1860 extitisti.
286 1799 353 1876 Ipsa
382 1797 482 1858 rettuli
509 1798 608 1869 verba,
637 1797 797 1877 quianon,
827 1807 859 1858 ut
881 1799 1021 1869 Senecae,
1044 1799 1158 1875 volgata

106 1893 208 1957 erant3
231 1902 287 1944 nec
308 1882 407 1943 minus
430 1884 514 1943 nosci
537 1882 663 1943 decebat
678 1881 817 1942 militaris
831 1881 886 1942 viri
902 1900 1008 1943 sensus
1024 1882 1158 1961 incomp-
1241 1936 1244 1943 .

105 1977 153 2029 tos
175 1977 206 2030 et
226 1968 350 2028 validos.
374 1967 453 2028 Nihil
475 1967 505 2027 in
528 1966 578 2026 illa
601 1967 805 2028 coniuratione
828 1967 944 2045 gravius
967 1967 1088 2029 auribus
1102 1967 1159 2028 Ne-

66 2054 193 2117 coronis
216 2053 364 2115 accidisse
387 2051 530 2126 constitit,
558 2053 608 2130 qui
631 2061 664 2112 ut
685 2052 830 2113 iaciendis
853 2051 1016 2112 sceleribus
1038 2070 1159 2130 promp-

109 2145 167 2208 tae,
196 2137 235 2198 ita
264 2137 404 2198 audiendi
432 2156 508 2216 quae
536 2137 647 2199 laceret
674 2136 810 2197 insolens
836 2145 909 2199 erat.
950 2137 1050 2198 Poena
1078 2136 1159 2197 Flavi

109 2220 232 2281 Veianio
247 2222 338 2300 Nigro
362 2222 480 2283 tribuno
503 2223 669 2283 mandatur.
690 2222 720 2282 ls
742 2221 876 2300 proximo
892 2223 923 2282 in
938 2239 1009 2300 agro
1024 2220 1160 2282 scrobem

110 2305 200 2367 effodi
223 2306 319 2377 iussit,
344 2325 431 2385 quam
453 2301 564 2368 Flavus'
580 2315 613 2368 ut
626 2307 766 2368 humilem
783 2317 812 2368 et
827 2314 979 2385 angustam
993 2301 1174 2386 increpans,'

111 2391 371 2454 circumstantibus
394 2392 547 2465 militibus,
586 2393 630 2454 Ne
652 2393 710 2453 hoc
733 2392 862 2471 quidem,
885 2392 990 2471 inquit,
1014 2411 1050 2453 ex
1071 2390 1161 2453 disci-

69 2477 204 2554 25plina.
239 2475 481 2553 ¹Admonitusqne
511 2476 629 2537 sortiter
648 2478 827 2555 protendere
850 2477 1006 2550 cervicem,
1034 2476 1161 2547 Utinam,

112 2559 163 2630 ait,
186 2568 217 2617 tn
238 2565 298 2617 tarn
321 2558 438 2617 sortiter
458 2556 563 2619 leriasl
589 2559 627 2620 Et
647 2560 697 2621 ille
719 2562 842 2621 multum
863 2570 1003 2632 tremens,
1027 2577 1092 2620 cum
1114 2560 1162 2620 vix

112 2641 228 2702 duobus
256 2641 366 2701 ictibus
389 2652 477 2718 eaput
498 2642 718 2720 amputavisset,
746 2642 899 2704 saevitiam
920 2637 996 2722 apud
1016 2643 1164 2703 Neronem

113 2725 241 2798 iactavit,
273 2724 465 2804 sesquiplaga
494 2724 683 2786 intersectum
712 2745 728 2786 a
758 2745 792 2787 se
814 2725 950 2786 dicendo.
992 2727 1163 2788 Proximum
1174 2726 1213 2790 68

113 2809 300 2873 constantiae
323 2809 488 2888 exemplum
504 2809 655 2888 Sulpicius
669 2811 765 2888 Asper
779 2809 913 2870 centurio
928 2810 1072 2889 praebuit,
1094 2829 1161 2890 per-

71 2895 248 2960 3toontanti
265 2894 375 2956 Neroni
399 2894 504 2955 curin
527 2894 647 2956 caedem
669 2912 752 2955 suam
774 2893 1015 2972 conspiravisset,
1037 2894 1165 2956 breviter

112 2981 300 3062 respondens
330 2999 389 3042 non
418 2980 505 3041 aliter
532 2988 575 3040 tot
602 2979 723 3058 flagitiis
750 2979 814 3041 eius
843 2978 994 3040 subveniri
1020 2980 1163 3060 potuisse.

36 3112 39 3117 -
116 3069 192 3130 Tum
214 3068 326 3129 iussam
348 3084 474 3146 poenam
498 3065 600 3128 subiit.
636 3065 698 3127 Nec
719 3065 811 3141 ceteri
833 3064 1023 3128 centuriones
1045 3066 1074 3125 in
1097 3083 1166 3145 per-

113 3152 262 3233 petiendis
291 3152 447 3232 suppliciis
473 3149 700 3228 degeneravere.
742 3150 780 3210 lt
800 3168 861 3210 non
882 3150 992 3213 Faenio
1014 3150 1089 3211 liufo
1111 3169 1166 3230 par

114 3238 239 3309 animus,
264 3238 316 3298 sed
332 3237 559 3298 lamentationes
574 3255 644 3299 suas
660 3237 746 3299 etiam
763 3235 794 3296 in
809 3243 1015 3297 testamentum
1030 3235 1164 3298 contulit.

145 3378 197 3439 bi.
223 3385 263 3435 ll.
290 3387 514 3450 comeciatacmm,
538 3387 612 3437 ninii.
665 3403 721 3436 nen.
763 3385 808 3434 liro
839 3386 980 3452 disciplina
1013 3384 1167 3434 ‘dienstmis-

111 3451 202 3513 scisse.
223 3450 248 3500 S.
269 3465 300 3498 zu
318 3449 348 3499 ll.
369 3452 410 3500 31.
666 3453 719 3515 sig'.

147 3520 187 3570 22.
201 3519 326 3581 scrobem,
336 3516 359 3566 in
369 3515 464 3567 welche
474 3519 514 3568 die
524 3518 616 3571 Lcicbe
700 3514 754 3573 68.
780 3522 821 3570 31.
849 3524 887 3569 tot
908 3519 1021 3581 flagitiis
1038 3519 1093 3565 eiua
1108 3519 1167 3568 sub·
1233 3556 1236 3560 Α

114 3587 158 3636 des
177 3585 337 3636 Gericbteten
361 3587 490 3647 geworl'en
513 3588 617 3637 werden
667 3589 766 3650 vendi,
790 3587 839 3650 eig.
869 3585 962 3636 ‘scinco
986 3583 1167 3635 Scbandtbateu

113 3654 196 3705 sollte.
669 3653 797 3717 geboll'en',
818 3655 880 3704 naeb
899 3664 1005 3703 unserer
1013 3650 1168 3702 Ausdruclts·
1234 3666 1239 3673 ·

149 3724 190 3774 24.
224 3722 454 3771 circumdantibus
482 3721 617 3771 militibus.
667 3722 746 3772 weise
776 3730 862 3784 ‘gegen
890 3720 960 3771 suino
981 3717 1167 3771 Sebendtbeten

114 3788 248 3840 Wibrend
266 3789 306 3838 die
319 3788 444 3846 Soldaten,
465 3788 560 3838 welche
578 3788 618 3838 die
667 3790 774 3841 Abbdlle
792 3789 890 3850 erlongo
897 3785 1016 3839 werdon'.
1035 3785 1168 3838 Aelnliclc

116 3856 201 3908 Grube
236 3856 378 3921 gograben,
417 3857 615 3915 umberstanden¹
667 3858 814 3909 Ansdrdclc
847 3855 902 3906 sind
922 3854 967 3907 'int
995 3853 1169 3908 Letoiniscben

114 3934 187 3991 oagte
205 3941 234 3978 er
251 3926 296 3976 das
313 3924 439 3990 Fulgende
456 3941 512 3977 zum
528 3923 619 3977 Tribu-
668 3927 726 3978 selu·
742 3925 832 3987 bitulig.

917 4007 974 4059 lb*
