2550 4350
599 128 623 167 6,·

94 271 219 334 poam)
256 242 313 320 'an
332 268 485 323 excussu
502 269 572 324 mu
588 271 733 354 auousrr
749 274 820 329 xiv.
834 279 875 331 ao.
889 281 931 333 ar.
943 282 984 334 as.
1103 274 1163 338 133
1222 322 1229 335 .

95 441 164 485 nem
188 422 425 485 Trinobantibus
454 434 484 487 et
512 425 563 505 qui
593 426 645 487 alii
666 429 800 491 nondum
823 431 946 492 servitio
968 434 1054 496 lracti
1077 455 1165 500 resu-
1196 478 1202 487 =

95 525 180 568 mere
201 505 371 570 libertatem
387 509 514 570 occultis
530 511 791 574 coniurationibus
805 516 991 594 pepigerant,
1015 516 1163 582 acerrimo

94 590 127 650 in
148 599 306 652 veteranos
329 591 554 672 odio..Quippe
575 595 607 655 in
628 595 778 658 coloniam
799 598 1038 662 Camulodunum
1058 621 1165 665 recens

96 674 220 736 deducti
241 675 392 754 pellebant
413 677 564 750 domibus,
593 679 790 741 exturbabant
812 683 902 760 egris,
932 685 1077 764 captivos,
1100 705 1165 747 ser-

69 770 150 819 ovos
173 759 362 837 appellando,
386 760 557 822 foventibus
579 761 779 841 inpotentiam
793 775 1001 829 veteranorum
1017 769 1163 831 militibus

95 842 294 904 similitudine
314 842 394 905 vitae
416 851 447 905 et
468 862 522 923 spe
543 845 679 907 eiusdem
701 847 852 910 licentiae.
873 852 918 912 Ad
940 852 999 913 hoc
1022 854 1165 932 templum

94 924 165 987 diro
188 927 314 989 Claudio
347 927 543 989 coustitutum
575 930 662 1008 quasi
694 949 746 992 aru
777 941 918 996 aeternae
948 935 1165 999 dominationis

96 1010 317 1088 aspiciebatur3
352 1010 521 1091 delectique
549 1015 723 1077 sacerdotes
748 1016 853 1094 specie
880 1017 1035 1096 religionis
1064 1021 1165 1082 omnis

97 1094 234 1155 fortunas
258 1094 460 1156 effundebant.
490 1097 552 1158 Nec
569 1097 699 1159 'arduum
720 1100 878 1162 videbatur
899 1102 1060 1165 excindere
1083 1104 1167 1164 colo-

57 1178 178 1239 tuniam
202 1178 292 1243 nullis
307 1178 501 1240 munimentis
516 1189 668 1259 saeptam3
692 1184 773 1261 quod
789 1184 916 1246 ducibus
932 1188 1044 1248 nostris
1061 1205 1166 1266 parum

95 1261 251 1345 provisum
280 1260 352 1334 erat,
382 1262 453 1323 dum
476 1265 651 1326 amoenitati
673 1267 760 1345 prius
783 1285 872 1346 quam
895 1271 963 1330 usui
986 1270 1164 1331 consulitur.

95 1346 179 1407 Inter
201 1363 278 1424 quae
299 1345 380 1407 nulla
403 1346 501 1425 palam
526 1366 616 1409 causa
639 1349 794 1429 delapsum
818 1351 1016 1415 Camuloduni
1040 1355 1165 1415 simule·
1176 1353 1217 1416 32

96 1447 181 1491 crum
205 1429 354 1491 Victoriae
382 1449 418 1491 ac
440 1439 520 1491 retro
543 1450 731 1506 conversum,
761 1435 847 1513 quasi
870 1437 993 1498 cederet
1013 1437 1165 1499 hostibus.

96 1513 136 1574 Et
151 1511 281 1575 feminae
295 1513 325 1573 in
342 1514 475 1575 furorem
498 1515 634 1577 turbatae
655 1518 764 1579 adesse
786 1517 910 1580 exitium
926 1520 1083 1582 canebant.
1106 1522 1181 1581 Em·

56 1609 88 1660 15
98 1605 262 1676 ternosque
283 1597 421 1658 fremitus
442 1592 474 1658 iit
497 1599 581 1658 curia
603 1617 707 1660 eorum
731 1600 860 1671 auditos,
885 1605 1084 1665 consonuisse
1098 1606 1166 1665 ulu-

97 1681 207 1742 latibus
235 1682 385 1743 theatrum
417 1680 572 1758 visamque
604 1682 738 1759 speciem
770 1683 802 1742 in
834 1685 985 1745 aestuario
1018 1686 1166 1747 Tamesae

98 1764 260 1826 subversae
282 1764 437 1839 coloniae3
467 1763 526 1824 iem
549 1763 688 1825 Oceanus
712 1773 835 1826 cruento
858 1778 992 1846 aspectu,
1015 1768 1167 1830 dilabente

99 1857 185 1911 aestu
205 1850 404 1910 bumanorum
427 1864 588 1927 corporum
610 1848 726 1925 efligies
748 1849 882 1922 relictae,
905 1859 939 1911 ut
952 1849 1105 1911 Britannis
1127 1851 1169 1910 ad

100 1951 197 2012 spem,
219 1933 261 1993 ita
282 1933 433 2001 ueteranis
455 1933 492 1993 ad
514 1940 627 1994 metum
648 1932 855 1995 trahebantur.
885 1934 945 1995 Sed
969 1933 1038 2012 quia
1059 1933 1168 2013 procul

56 2017 264 2081 oosmtonius
287 2017 398 2090 aberat,
421 2017 555 2096 petivere
577 2036 594 2077 a
616 2016 689 2077 Cato
712 2016 844 2091 Deciano
867 2025 1062 2095 procuratore
1085 2017 1169 2078 auxi-

99 2100 183 2161 lium.
205 2101 259 2161 llle
276 2100 357 2162 haud
379 2101 507 2180 amplius
530 2119 618 2178 quam
641 2101 788 2162 ducentos
811 2100 877 2160 sine
899 2100 988 2168 iustis
1004 2101 1096 2162 armis
1111 2100 1168 2161 mi-

100 2184 157 2257 sit3
181 2193 211 2245 et
232 2184 330 2246 inerat
350 2185 469 2247 modica
490 2184 618 2245 militum
641 2203 759 2246 manus.
788 2184 894 2245 Tutela
917 2185 1022 2264 templi
1044 2184 1124 2258 lreti,
1139 2191 1169 2245 et

100 2267 336 2347 impedientibus
365 2269 416 2349 qui
446 2269 556 2331 occulti
579 2268 754 2330 rebellionis
777 2269 894 2329 conscii
916 2269 1043 2330 consilia
1066 2268 1168 2330 turba-

99 2353 183 2425 bant,
207 2371 304 2432 neque
327 2354 440 2415 lessam
462 2363 512 2415 aut
533 2353 883 2433 vallumpraeduxerunt,
906 2371 1005 2433 neque
1020 2353 1171 2427 metisse·

59 2436 193 2501 mnibus
217 2446 248 2498 et
270 2437 390 2497 leminis
413 2436 551 2497 iuventus
574 2437 638 2496 sola
661 2437 786 2498 restitit:
812 2435 898 2516 quasi
919 2437 1018 2498 media
1032 2455 1108 2516 pace
1124 2435 1170 2497 in-

105 2519 183 2581 cauti
207 2519 398 2580 multitudine
419 2517 612 2579 barbarorum
628 2520 911 2581 circumveniuntur.
934 2520 973 2582 Et
989 2529 1089 2582 cetera
1105 2519 1171 2595 qui-

104 2605 174 2665 dem
197 2602 312 2679 impetu
333 2601 451 2677 direpta
479 2608 530 2660 aut
551 2600 674 2661 incensa
698 2610 782 2663 sunt:
811 2603 967 2680 templum,
994 2603 1026 2661 iu
1055 2619 1115 2678 quo
1138 2619 1172 2661 se

103 2686 193 2749 miles
215 2682 454 2762 conglobaverat,
477 2681 570 2742 biduo
592 2682 752 2743 obsessum
767 2692 1036 2761 expugnatumque.
1058 2683 1098 2742 Et
1111 2682 1174 2743 vic·

103 2783 154 2833 tor
173 2768 336 2831 Britannus
357 2764 467 2829 Petilio
490 2763 608 2839 Ceriali,
630 2767 729 2843 legato
750 2765 880 2841 legionis
894 2780 1004 2837 nonae,
1025 2764 1058 2824 in
1072 2764 1172 2824 subsi-

138 2942 161 2989 1.
194 2934 278 2987 Ueber
311 2933 352 2984 die
383 2929 613 2983 Trinobantes
699 2924 1173 2993 82.15.eomm,Camulotunensium‚

99 3005 151 3056 und
163 3002 414 3055 Camulodunum
432 3015 453 3050 s.
463 2997 559 3050 qull.
569 3000 611 3051 32.
665 3012 721 3049 was
730 3012 776 3048 sus
785 2994 963 3047 Camuloduni
967 2998 1122 3047 zurerstebn
1132 2996 1175 3046 ist.

136 3075 161 3124 6.
189 3071 317 3136 templum
343 3069 404 3119 diuo
420 3066 533 3119 Claudio
551 3080 614 3117 oon·
701 3068 741 3119 16.
765 3062 897 3129 Tamesae,
910 3066 979 3129 jotzt
995 3063 1110 3115 Themse.

95 3142 232 3203 stitutum,
250 3139 327 3189 sehon
343 3137 385 3188 bai
402 3136 491 3187 soloen
507 3133 615 3185 Lebzei·
699 3134 742 3185 22.
762 3132 846 3183 tutela
864 3131 962 3198 templi,
974 3132 1179 3183 derScbutzden

100 3215 154 3264 ten,
175 3222 216 3256 wo
234 3205 320 3254 erbis
336 3221 369 3255 zo
386 3202 616 3254 scinemTodenur
666 3203 713 3251 dar
726 3198 830 3266 Tempel
848 3200 987 3263 seweina,
1009 3199 1121 3250 welclrar
1140 3198 1180 3249 uls

103 3288 153 3323 uon
172 3272 348 3322 Proviuotuen
372 3271 411 3321 als
429 3270 491 3321 Gott
512 3270 617 3319 verelnt
666 3268 736 3331 burg
752 3268 857 3318 beuutzt
873 3267 978 3318 werden
996 3268 1097 3317 lonnte.

103 3338 202 3390 wurde.
223 3336 281 3399 Vgl.
301 3352 334 3386 zu
351 3336 371 3387 l.
393 3339 439 3389 16.
454 3337 513 3387 Seu.
533 3335 616 3387 lud.8
675 3364 678 3368 -
701 3336 743 3386 24.
763 3337 849 3397 motis,
876 3334 959 3384 iudem
976 3334 1033 3385 'der
1057 3333 1105 3383 Ort
1129 3347 1178 3383 von

104 3407 205 3456 Parum
222 3408 261 3453 eat
277 3402 350 3466 quod
365 3403 493 3467 ternplum
509 3405 539 3451 ia
555 3402 617 3452 Bri·
667 3416 708 3451 wo
736 3416 782 3450 aus
810 3401 867 3451 dem
893 3400 1110 3460 Zussmmenbang
1136 3413 1179 3460 ge-

105 3473 202 3523 tannr'c
219 3470 315 3519 babet?
332 3468 491 3533 quodubunc
507 3469 618 3518 barbari
668 3467 744 3517 dacbt
759 3467 834 3525 wird.
855 3468 906 3520 wie
919 3485 941 3518 c.
954 3470 988 3519 66
1004 3470 1126 3516 movetur
1143 3467 1180 3513 oi-

103 3538 201 3590 oolunt
223 3541 250 3586 et
271 3540 302 3584 ut
324 3535 402 3585 douae
425 3537 507 3585 orant
545 3533 619 3603 operi
669 3534 732 3584 uitas
758 3534 867 3585 discidii
881 3536 975 3600 specie.
1012 3532 1066 3581 Cio.
1086 3531 1117 3579 de
1135 3529 1177 3581 off.

104 3599 232 3658 εὗιλάτου
249 3603 359 3668 smair?
392 3600 440 3652 Die
463 3601 497 3655 im
534 3599 619 3663 olgeri-
670 3597 1051 3660 111.19.=76·verosnerouos
1067 3601 1181 3660 moueat,

105 3675 157 3725 den
180 3672 328 3722 erwalrnten
345 3668 459 3721 Priester
471 3667 541 3718 -sind
557 3666 620 3718 Pro·
669 3670 701 3718 in
717 3684 810 3720 eonem
828 3669 916 3719 locum
933 3669 989 3731 ipse
1006 3662 1137 3715 succedat

104 3738 240 3797 vincialen,
255 3736 353 3787 welche
365 3734 620 3787 ibrenLaudsleuten
704 3737 746 3788 29.
766 3735 862 3786 Petilio
881 3731 987 3783 Ceriali.
1006 3728 1064 3792 vgt.
1085 3728 1115 3779 Η.
1136 3727 1181 3779 lll.

106 3803 410 3868 ribertriabeuaBpitrige
417 3802 619 3855 lirrdiellestrei-
670 3803 713 3855 59.
723 3805 764 3855 78.
785 3801 829 3853 lV.
839 3802 881 3853 68.
891 3799 1000 3851 'll-79.
1010 3799 1052 3849 86.
1072 3795 1104 3849 V.
1116 3795 1184 3850 teu.

102 3884 170 3939 turp
186 3873 233 3926 der
247 3871 426 3926 Cultuslrosten
440 3871 617 3935 auizwonscu.
670 3869 702 3920 Δ.
722 3872 746 3922 8.
770 3872 809 3923 l'l.
