2550 4350
110 312 180 370 pub.
191 308 232 370 ³2)
347 306 388 357 ΑΒ
408 306 561 359 EXCESSU
577 306 647 359 DlVl
664 305 806 359 AUGUSTI
823 305 869 360 Vl.
889 310 913 361 8.
928 310 953 361 9.

1121 297 1184 362 285

111 461 216 540 gendis
245 461 402 537 praetoriis
433 461 623 532 cudendae,
661 479 730 521 mox
760 462 841 521 urbis
872 471 901 522 et
928 461 1047 522 militiae
1081 463 1181 525 munia

112 546 200 608 simul
223 545 391 606 obeuntem.
426 545 514 605 lllius'
531 546 689 624 propinqui
713 554 742 606 et
764 546 877 607 adlines
901 546 1066 606 honoribus
1088 565 1179 624 auge-

113 632 237 700 bantur,
266 638 299 689 ut
321 630 446 708 quisque
467 630 574 690 Seiano
597 630 729 702 intimus,
753 629 791 690 ita
815 632 849 690 ad
867 631 1002 692 Caesaris
1026 629 1182 707 amicitiam

114 715 245 787 validus;
268 727 369 774 contra
392 715 498 793 quibus
522 715 656 774 intensus
680 724 770 786 esset,
794 724 872 776 metu
895 734 929 775 ac
951 714 1090 775 sordibus
1106 733 1180 776 con-

86 798 306 862 bllictabantur.
359 799 420 859 Nec
442 817 616 876 quemquam
647 799 780 877 exemplo
811 801 951 860 adsumo:
984 808 1106 860 cunctos
1130 800 1179 878 qui

13 903 16 906 ’
110 882 268 945 novissimi
290 882 405 943 consilii
430 894 565 961 expertes
588 884 707 954 luimus,
731 902 798 944 meo
822 884 910 945 unius
933 884 1102 944 discrimine
1125 885 1179 944 de-

109 970 236 1030 lendam.
288 968 353 1027 Non
384 966 462 1027 enim
485 967 623 1028 Seianum
648 968 880 1039 Vulsiniensem,
911 977 957 1030 set
980 968 1116 1029 Claudiae
1148 977 1178 1028 et

11 1079 15 1085 ·
109 1053 200 1114 Iuliae
221 1053 328 1111 domus
351 1059 476 1130 partem,
500 1071 572 1130 quas
593 1053 742 1113 adfinitate
758 1062 960 1132 occupaverat,
985 1060 1076 1124 tuum,
1101 1051 1189 1116 Caes

109 1136 176 1210 sar,
206 1155 365 1215 generum,
396 1139 438 1196 tui
462 1137 630 1198 consulatus
653 1138 784 1209 socium,
823 1150 870 1199 tna
894 1139 988 1200 ollicia
1011 1138 1041 1198 iu
1064 1156 1097 1198 re
1117 1154 1176 1216 pu-

72 1223 184 1284 10blica
215 1229 419 1298 capessentem
448 1221 625 1283 colebamus.

676 1222 742 1282 Non
775 1232 821 1284 est
849 1233 985 1285 nostrum
1021 1222 1178 1283 aestimare

86 1326 195 1386 ‚quem
219 1324 309 1384 supra
333 1314 449 1366 ceteros
474 1315 503 1365 et
526 1307 632 1384 quibus
656 1307 812 1367 decausis
836 1305 967 1369 extollas.
1002 1307 1069 1367 Tibi
1093 1324 1177 1368 sum·

108 1411 186 1453 mum
217 1409 316 1450 rerum
345 1390 485 1451 iudicium
514 1391 543 1450 di
572 1392 696 1452 dedere:
730 1392 818 1452 nobis
848 1393 983 1471 obsequii
1012 1391 1105 1470 gloria
1127 1409 1177 1452 re-

108 1477 174 1538 licta
199 1482 254 1534 est.
299 1474 471 1553 Spectamus
495 1494 584 1553 porro
609 1495 683 1553 quae
706 1495 805 1537 coram
829 1477 990 1549 babenlur,
1021 1477 1067 1538 cui
1091 1495 1125 1537 ex
1148 1486 1177 1536 te

109 1580 180 1640 opes
202 1560 346 1631 honores,
370 1560 436 1637 quis
459 1560 584 1638 plurima
608 1560 724 1621 iuvandi
747 1563 909 1622 nocendive
930 1561 1077 1639 potentia,
1100 1578 1177 1640 quae

70 1657 99 1706 15
111 1646 219 1706 Seiano
242 1643 336 1704 livisse
358 1662 445 1704 nemo
468 1645 627 1722 negaverit.

677 1645 799 1706 Abditas
823 1646 965 1724 principis
989 1663 1113 1716 sensus,
1145 1654 1176 1705 et

111 1732 135 1789 si
158 1729 226 1808 quid
250 1727 393 1788 occultius
416 1737 510 1806 parat,
533 1729 687 1806 exquirere
710 1730 863 1802 inlicitum,
887 1748 1012 1807 anceps:
1035 1748 1090 1789 nec
1105 1730 1172 1791 ideo
1244 1799 1247 1803 ,

110 1814 280 1892 adsequare.
324 1813 382 1884 Ne,
406 1821 504 1891 patres
528 1812 698 1890 conscripti,
722 1813 855 1873 ultimum
880 1813 979 1873 Seiani
1002 1813 1096 1884 diem,
1120 1814 1174 1873 sed

110 1899 359 1979 sedecim-annus
390 1896 597 1974 cogitaveritis.
650 1897 746 1957 Etiam
770 1897 899 1958 Satrium
929 1906 1016 1974 atque
1037 1897 1171 1975 Pompo-

108 1983 187 2044 nium
215 1982 441 2050 venerabamur:
473 1981 586 2042 libertis
615 2000 733 2060 quoque
762 1999 796 2041 ac
825 1981 999 2042 ianitoribus
1028 1982 1091 2041 eius
1115 1999 1172 2041 no·

66 2077 221 2129 notescere
251 2086 305 2144 pro
335 2067 488 2145 magnifico
516 2066 722 2145 accipiebatur.
768 2066 845 2138 Quid
874 2065 969 2144 ergo‘.l
1003 2064 1172 2143 indistincta

104 2155 177 2214 baec
207 2152 340 2212 delensio
370 2161 399 2211 et
431 2151 579 2230 promisca
609 2148 751 2211 dabitur?
801 2151 895 2211 lmmo
924 2150 1009 2211 iustis
1038 2149 1172 2211 terminis

32 2274 40 2295 .
105 2239 259 2298 dividatur.
306 2234 432 2296 insidiae
454 2237 571 2298 iu-rem
594 2236 757 2314 publicam,
790 2236 911 2297 consilia
941 2236 1038 2297 caedis
1067 2236 1172 2295 adver-

92 2342 170 2385 :sum
194 2322 402 2398 imperatorem
426 2321 601 2399 puniantur:
625 2320 810 2381 deamicitia
835 2328 864 2380 et
887 2321 980 2381 allicis
1004 2320 1082 2381 idem
1104 2320 1171 2383 finis

107 2416 136 2466 et
163 2416 211 2479 te,
241 2405 362 2477 Caesar,
396 2413 425 2465 et
446 2423 502 2465 nos
526 2405 694 2466 absolverit.
750 2405 922 2483 Constantia
950 2406 1111 2475 orationis,
1144 2407 1203 2468 ete

69 2491 176 2570 asquia
201 2498 336 2568 repertus
360 2498 422 2549 erat
445 2491 492 2568 qui
517 2493 635 2551 ellerret
663 2509 737 2568 quae
766 2509 871 2551 omnes
894 2491 992 2551 animo
1016 2489 1171 2568 agitabant,

138 2727 160 2777 6.
180 2726 318 2773 nouissimi
328 2724 441 2786 consilii,
460 2724 506 2772 den
518 2724 612 2774 Kaiser

100 2808 131 2840 zu
149 2794 250 2842 stiirzeu
279 2791 327 2841 und
353 2793 392 2840 ilm
421 2792 470 2840 uud
489 2791 529 2840 die
549 2793 610 2842 nocb

99 2860 204 2922 iibrigen
223 2860 377 2909 manulicbeu
396 2858 500 2909 Glicder
528 2861 611 2910 selues

100 2927 197 2977 Hauses
213 2945 242 2977 zu
258 2929 352 2984 tddten,
368 2943 423 2976 was
434 2927 519 2991 sejam
537 2928 612 2977 uacb-

100 2995 154 3044 dem
179 3011 208 3044 er
232 2999 261 3046 31
284 3012 307 3044 n.
324 2995 369 3044 Cla.
395 2997 457 3044 nach
483 2996 543 3061 Rom
569 3012 612 3044 zn-

99 3064 274 3125 rdclxgelxelrrt‚
297 3064 464 3113 auszuldbreu
483 3066 608 3114 vorbatte.

133 3159 154 3205 'lz
176 3155 304 3206 Claudiae
325 3184 353 3192 ·-
373 3161 555 3220 capessentem.
581 3155 607 3205 S.

98 3237 128 3270 zu
148 3222 213 3274 lvd
235 3241 258 3272 u.
281 3223 311 3273 V.
321 3225 345 3275 6.
479 3227 482 3235 '

131 3316 153 3366 8.
174 3321 255 3365 taam.
282 3314 335 3364 Der
353 3313 503 3364 alnveseude
517 3316 609 3365 Kaiser

96 3381 161 3431 wird
181 3384 236 3432 bier
255 3383 303 3432 und
323 3382 508 3444 irnFolgenden
529 3384 605 3432 durcb

97 3449 152 3497 eine
177 3452 331 3501 rhetoriscbe
350 3451 427 3513 Figat·
454 3451 490 3500 als
516 3467 607 3512 gogon-

98 3516 189 3577 wdrtig
207 3520 350 3576 angeredet,
373 3520 422 3568 wie
441 3518 509 3569 XVl.
521 3521 561 3569 31.

131 3598 154 3647 9.
175 3601 216 3646 lai
233 3602 384 3652 'consulatus
402 3605 511 3666 sociam,
530 3605 557 3654 31
580 3619 602 3652 n.

98 3661 142 3712 Cb.
182 3664 240 3712 Seia
260 3667 384 3727 Consulat,
411 3673 456 3720 das
475 3677 545 3719 sonst
563 3664 610 3719 aul

97 3731 162 3780 allen
189 3730 339 3784 Deuknraleu
373 3739 537 3800 arvsgclxratnt
561 3738 602 3795 ist,

95 3800 138 3848 but
157 3800 208 3848 sicb
229 3801 340 3851 erbalteu
367 3807 414 3855 aul
428 3806 498 3856 einer
516 3805 605 3855 Mdnze

94 3883 141 3916 von
161 3865 363 3925 bilbilistllclh.
379 3873 402 3921 d.
413 3891 436 3922 u.
453 3873 471 3922 l.
485 3874 541 3929 out:
566 3871 604 3923 Ti.

94 3935 210 3986 Caesare
228 3933 257 3986 V
268 3934 298 3987 1..
317 3936 395 3991 Aelio
411 3940 511 3992 Seiano
528 3956 580 3991 eos.

699 2727 736 2775 14.
755 2726 814 2788 qaas
831 2721 982 2779 Nominativ,
1001 2722 1122 2787 plemma
1140 2751 1174 2762 -
1228 2741 1232 2744 ·

660 2795 782 2857 potentia
800 2791 908 2840 Ablativ.
1153 2846 1156 2852 ι

699 2862 735 2910 16.
756 2859 824 2921 ideo,
843 2857 915 2906 ndrrxl.
936 2859 961 2905 si
978 2859 1111 2921 exquiras.

686 2952 689 2957 ⁴
700 2930 736 2977 18.
755 2926 866 2975 sedecim
876 2941 968 2987 annos,
986 2940 1034 2974 von
1046 2923 1173 2976 desTibe·

662 2993 715 3043 rins
734 2994 983 3056 Regierungsautritt
1000 2993 1032 3043 iux
1050 2993 1074 3043 l.
1085 2997 1116 3045 14
1133 2993 1172 3044 bis

662 3078 692 3110 zu
712 3061 802 3125 Sejans
822 3062 897 3112 Sturz
916 3062 947 3111 ivn
964 3061 988 3110 J.
1003 3064 1034 3113 31
1055 3079 1078 3111 u.
1092 3063 1136 3113 Cla.

696 3128 823 3179 sannam.
844 3131 869 3180 S.
884 3147 915 3180 zu
927 3130 969 3180 lV.
980 3131 1021 3181 34.
1052 3126 1104 3179 Der
1115 3130 1173 3185 dart
1219 3122 1224 3137 ⁴

661 3199 791 3246 erwaibnte
809 3198 938 3248 Pinarius
953 3196 1038 3247 Natta
1060 3197 1094 3249 ist
1111 3197 1172 3249 viel·

660 3264 736 3314 leicht
754 3266 840 3315 lrdber
858 3266 1000 3328 gestorbeu.
1030 3266 1094 3315 Eine
1113 3267 1173 3315 abn-

658 3333 723 3383 liebe
742 3333 836 3383 Person
865 3349 932 3383 nruss
949 3333 1111 3397 Pomponius
1128 3348 1172 3395 ge-

659 3416 745 3450 weseu
763 3402 831 3457 scin,
865 3402 932 3451 nicbt
949 3417 979 3455 zu
999 3399 1171 3449 verwe'cbselu

657 3468 702 3516 mit
732 3469 778 3516 den
810 3469 1006 3531 hochgestellten
1038 3467 1167 3524 lllelnuern,
1204 3501 1209 3509 -

658 3552 705 3584 von
725 3536 803 3584 deueu
823 3552 853 3584 zu
880 3537 908 3586 ll.
922 3539 962 3589 32.
985 3535 1027 3585 lV.
1040 3538 1080 3588 47.
1101 3533 1132 3585 V.
1142 3536 1167 3585 8.

658 3603 719 3652 Tac.
733 3603 797 3651 wird
817 3606 892 3651 sebon
912 3605 934 3653 in
946 3605 991 3654 der
1004 3603 1089 3652 delxe
1108 3603 1170 3651 naob

659 3670 714 3721 V.5
733 3687 780 3720 von
801 3670 850 3719 inm
868 3671 993 3721 beriublet
1012 3672 1099 3721 baben.

692 3741 733 3789 23.
760 3737 848 3799 officis
878 3739 919 3786 lde
947 3740 1051 3800 officiis.
1097 3737 1170 3787 idem
1247 3781 1251 3791 .

657 3805 728 3869 fines,
737 3807 810 3855 naiml.
822 3807 955 3854 amr'eitiae
965 3811 990 3854 et
1000 3807 1168 3866 officioram:
1251 3842 1254 3848 .

658 3890 731 3923 weuu
760 3875 809 3922 wir
832 3889 862 3921 zu
889 3872 1020 3920 derselben
1038 3872 1096 3923 Zeit
1117 3874 1169 3933 ,viic

658 3942 692 3991 du
709 3941 755 3990 mit
772 3940 851 4002 Sejau
869 3938 1010 4002 gebrechen
1028 3939 1118 3990 baben.
1191 3947 1195 3954 '
