2550 4350
110 315 228 376 aeneo
279 311 321 362 ao
332 310 484 362 excussu
495 308 564 362 n1v1
574 308 714 390 incusat
726 308 784 374 riv.
794 312 835 363 rs.
845 312 885 364 ec.
896 314 935 365 rr.
945 315 986 366 rs.
1101 305 1170 367 171,

109 467 228 529 tertiam
254 464 397 542 legiones,
427 465 572 543 integrum
601 464 725 524 militem
755 473 785 526 et
813 464 929 525 crebris
949 483 984 526 ac
1005 469 1161 546 prosperis

112 551 265 612 laboribus
288 550 459 622 exercitum,
488 549 519 611 in
541 550 708 610 Armeniam
731 548 822 611 ducit.
866 548 1047 629 Addiditque
1068 550 1162 629 legio·

110 655 178 697 nem
209 635 349 715 quintam,
378 653 453 713 quae
473 653 529 714 per
548 634 675 694 Pontum
696 651 788 711 agens
810 652 916 713 expers
939 632 1032 696 c‘ladis
1054 636 1159 709 luerat,
1191 687 1200 705 ,

111 720 198 781 simul
232 720 514 799 quintadecumanos
546 737 650 780 recens
678 719 821 795 adductos
852 726 882 779 et
901 719 1005 780 vexilla
1028 719 1158 782 delecto·

84 817 174 867 5rum
201 823 236 865 er
256 805 374 884 lllyrico
403 813 433 866 et
453 804 595 883 Aegypto,
624 803 762 883 quodque
790 803 900 864 alarum
923 804 1159 884 cohortiumque,

110 899 139 951 et
172 888 280 950 auxilia
313 906 414 967 regum
448 888 479 949 in
511 907 602 950 unum
630 887 776 949 conducta
799 887 878 966 apud
899 887 1068 959 Melitenen,
1102 908 1160 968 qua

108 975 272 1035 tramittere
292 973 464 1053 Euphraten
485 972 618 1052 parabat.
646 973 670 1032 T
672 990 721 1032 um
743 972 898 1033 lustratum
920 973 976 1033 rite
998 975 1159 1035 exercitum

108 1058 143 1118 ad
174 1057 343 1118 contionem
371 1067 457 1119 vocat
483 1057 656 1136 orditurque
685 1056 839 1134 magnilica
869 1056 906 1116 de
935 1058 1078 1136 auspiciis
1101 1058 1160 1118 im·
1203 1093 1207 1103 ·

106 1142 254 1222 peratoris
283 1141 432 1225 rebusque
460 1160 476 1202 a
504 1161 537 1202 se
565 1141 666 1219 gestis,
695 1141 817 1202 adversa
851 1141 881 1201 in
904 1140 1053 1204 inscitiam
1075 1142 1158 1204 Paeti

67 1226 271 1298 tudeclinans,
293 1226 384 1287 multa
406 1225 591 1295 auctoritate,
615 1244 689 1305 quae
712 1226 774 1285 viro
797 1225 920 1286 militari
942 1244 997 1305 pro
1021 1227 1159 1289 facundia

106 1320 179 1372 erat.
200 1311 267 1371 Mor
288 1310 346 1371 iter
365 1311 399 1371 L.
411 1309 534 1371 Lucullo
558 1311 706 1389 quondam
727 1317 927 1389 penetratum,
950 1312 1059 1390 apertis
1082 1317 1213 1390 quaeh'l

104 1403 234 1456 vetustas
258 1394 458 1474 obsaepserat,
481 1393 589 1474 pergit.
631 1395 669 1454 Et
689 1394 842 1456 venientes
865 1394 1009 1456 Tiridatis
1031 1396 1158 1475 Vologe-

105 1480 207 1558 sisque
229 1479 266 1540 de
288 1498 361 1559 pace
383 1480 496 1556 legatos
518 1479 596 1540 haud
618 1487 804 1557 aspernatus,
839 1479 973 1556 adiungit
993 1480 1031 1541 iis
1054 1490 1158 1544 centu·
1217 1503 1220 1521 ²

104 1564 205 1624 riones
240 1581 305 1625 cum
338 1563 486 1624 mandetis
519 1580 580 1622 non
608 1562 776 1624 inmitibus:
810 1572 868 1632 nec
896 1565 975 1624 enim
1004 1565 1100 1626 adhuc
1123 1586 1158 1628 eo

64 1659 94 1708 15
104 1656 222 1708 ventum
251 1659 283 1710 nt
311 1647 473 1709 certamine
501 1654 631 1708 extremo
661 1664 736 1724 opus
766 1656 855 1707 esset.
897 1647 988 1708 Multa
1015 1649 1160 1711 Romanis

104 1732 243 1805 secunda,
267 1733 410 1811 quaedam
432 1730 551 1793 Parthis
573 1730 718 1801 evenisse,
742 1730 920 1791 documento
943 1732 1084 1793 adversus
1106 1750 1158 1794 su-

102 1817 246 1896 perbiam.
268 1818 399 1878 Proinde
426 1824 457 1877 et
478 1814 603 1876 Tiridati
627 1815 794 1876 conducere
816 1814 960 1877 intactum
981 1816 1156 1877 vastationi-

100 1902 156 1962 bus
185 1919 308 1980 regnum
327 1903 415 1963 dono
443 1901 594 1979 accipere,
623 1908 652 1961 et
679 1898 846 1977 Vologesen
874 1899 995 1961 melius»
1012 1900 1156 1963 societste

100 1986 233 2047 Romana
257 2004 344 2065 qnam
366 1986 483 2048 damnis
505 1984 615 2047 mutuis
638 1983 718 2062 genti
740 1983 917 2045 Parthorum
939 1983 1155 2047 consulturum.

60 2080 92 2131 20
102 2071 186 2131 Scire
215 2079 356 2149 quantum
384 2073 464 2134 intus
492 2068 726 2137 discordiarum,
763 2086 910 2149 quamque
939 2068 1099 2131 indomitas
1127 2078 1158 2132 et

101 2156 291 2233 praeferoces
319 2156 456 2218 nationes
477 2163 603 2233 regeret.
649 2153 757 2216 Contra
779 2153 952 2233 imperatori
975 2172 1029 2215 suo
1051 2154 1157 2215 immo·

101 2247 161 2299 tam
183 2240 293 2319 ubique
314 2236 419 2320 pacem
442 2249 472 2302 et
493 2259 583 2301 unum
606 2239 636 2302 id
658 2238 767 2300 bellum
791 2256 868 2300 esse.
909 2237 1005 2300 Simul
1028 2238 1153 2300 consilio

98 2332 241 2386 terrorem
270 2325 398 2399 adicere,
429 2336 459 2387 et
477 2325 660 2403 megistanas
682 2324 849 2395 Armeniae,
878 2323 928 2403 qui
950 2322 1040 2402 primi
1062 2342 1078 2385 a
1100 2342 1159 2385 no·‚

97 2407 146 2468 his
169 2410 349 2474 deiecerant.
372 2410 457 2488 pellit
478 2411 610 2483 sedibus,
633 2410 756 2471 castella
778 2428 881 2471 eorum
903 2408 1042 2482 excindit,
1066 2409 1154 2488 plana

59 2491 192 2562 toedita,
220 2491 335 2552 validos
363 2491 568 2570 invalidosque
596 2495 661 2570 pari
682 2504 762 2556 metu
785 2493 925 2573 complet
967 2495 1034 2555 Non
1054 2494 1209 2560 inico-28

100 2591 166 2634 sum
188 2591 243 2635 nec
272 2593 342 2636 cum·
360 2575 462 2636 hostili
485 2576 554 2635 odio
578 2575 758 2638 Corbulonis
779 2597 887 2638 nomeu
910 2578 997 2639 etiam
1020 2578 1155 2639 barbaris

98 2656 271 2732 habebatur,
294 2676 389 2737 eoque
412 2658 568 2720 consilium
591 2657 656 2718 eius
678 2661 769 2721 fidum
792 2660 963 2721 eredebant.
996 2661 1073 2736 Ergo
1096 2661 1153 2735 Vo-

97 2743 215 2820 logeses
245 2761 343 2821 neque
366 2751 449 2804 atrox
471 2743 501 2803 in
523 2759 678 2815 summam,
707 2753 737 2803 et
759 2742 935 2822 quibusdam
958 2744 1156 2822 praelectoris

99 2828 231 2890 indutias
264 2827 351 2908 petit.
394 2826 543 2890 Tiridates
572 2826 670 2888 locum
699 2827 837 2905 diemque
866 2826 1015 2906 colloquio
1045 2828 1153 2906 poscit.

127 2991 181 3052 26.
208 2998 232 3048 4.
252 2995 353 3047 aemilio
378 2995 545 3047 delectorum.
573 2992 599 3044 S.
653 2993 703 3111 des¹
716 2991 808 3044 Gldeks
834 2992 868 3044 ist
885 2992 940 3043 eine
957 2992 1157 3058 Warnnnp-vor
1243 3007 1253 3028 t

93 3081 124 3115 zu
142 3064 160 3113 l.
184 3067 222 3115 ll.
409 3060 411 3065 '
651 3061 695 3113 Sto
705 3077 728 3112 z.

127 3133 150 3184 6.
175 3129 330 3196 Melitenen,
357 3131 430 3183 Stadt
453 3131 479 3181 in
504 3130 599 3198 Cappa·
682 3118 737 3185 28.
757 3131 798 3182 25.
817 3127 1025 3192 Noninfeocum
1035 3145 1154 3183 aarum

94 3199 181 3249 doeien
200 3215 239 3249 am
256 3200 387 3267 Euphrat·
646 3197 670 3248 le
690 3197 732 3248 od
751 3198 809 3249 bah.
830 3195 915 3248 ‘Nicht
931 3198 976 3249 mit
989 3199 1154 3263 Erbittemng

127 3267 151 3316 8.
172 3270 297 3330 auspiciis
313 3269 488 3333 imperotores.
517 3266 543 3318 S.
563 3281 595 3316 zu
645 3266 708 3316 oder
729 3265 886 3316 leindlichem
905 3266 968 3318 lluss
991 3269 1081 3318 wardo
1102 3267 1147 3321 be-

93 3330 161 3381 Xlll.
182 3335 206 3384 6.
643 3334 767 3384 muchtet’.
786 3332 890 3386 xltts
908 3349 984 3385 omne
999 3335 1084 3386 sacha
1099 3350 1146 3387 crr-

127 3392 178 3454 27,
199 3399 237 3449 ll.
256 3397 287 3448 L.
301 3397 421 3449 Lucullo.
440 3401 466 3450 S.
478 3416 509 3450 zn
517 3416 539 3450 c.
550 3404 590 3454 14.
644 3406 748 3451 ternum
774 3401 836 3451 'eum
864 3402 966 3452 laetitio
989 3402 1143 3454 mendum.

93 3463 211 3515 Lucullus
236 3480 284 3527 zog
307 3466 383 3515 durch
402 3465 513 3532 Sophene
531 3471 593 3518 nach
643 3466 673 3517 ΙΙ.
693 3471 728 3520 44
752 3467 945 3520 Maroboduum
962 3472 1034 3533 regia
1048 3482 1145 3520 nomm
1191 3518 1196 3535 ,

94 3530 284 3596 Tigranocerta.
303 3532 369 3582 Plut.
389 3531 450 3582 Luc.
471 3535 512 3584 tt.
532 3535 574 3585 ts.
642 3537 757 3586 enodem
781 3542 848 3603 aput
864 3536 1009 3602 populum
1026 3536 1143 3588 deicht.
1199 3538 1208 3545 '

128 3603 167 3653 14.
188 3615 247 3650 mem
263 3598 396 3650 mandatis
413 3614 445 3649 an
456 3598 594 3662 Vologeses
678 3604 718 3655 28.
750 3608 831 3655 otroe
858 3608 933 3668 (erat)
962 3605 993 3652 ἐκ
1013 3618 1150 3670 mmm,

92 3669 142 3719 und
165 3667 299 3727 Tiridates,
326 3667 376 3718 wie
402 3668 446 3718 dus
469 3666 593 3731 Tolgenda
649 3670 865 3730 ‘lurdasGanze’,
884 3671 925 3720 ‘im
935 3668 1049 3730 Ganaen’,
1069 3671 1152 3723 ‘cilter-
1258 3688 1263 3693 ·

92 3736 167 3800 zeigt.
624 3800 627 3805 ἱ
645 3739 734 3805 haupt’,
756 3740 781 3789 d.
793 3740 816 3790 h.
837 3740 862 3789 in
880 3736 976 3788 Betreff
988 3736 1037 3789 der
1054 3752 1150 3802 ganzes

127 3807 166 3856 16.
193 3801 347 3853 documento
365 3802 489 3853 adversus
505 3814 596 3868 super·
646 3805 806 3858 Streitsuohe.

92 3870 163 3929 bdtm
184 3869 285 3922 beeieht
308 3870 360 3922 sich
383 3870 430 3922 aul
449 3869 522 3922 beide
538 3885 598 3921 vor·
650 3908 652 3915 ι
679 3875 837 3939 quidusdam
850 3873 1038 3940 praefecturis,
1056 3873 1098 3928 ῆι·
1113 3873 1152 3926 ei.
1206 3913 1210 3917 .

91 3938 251 4004 hergebende
269 3938 384 3992 Glierler:
411 3939 458 3991 der
473 3937 597 3991 Wechsel
647 3941 704 4003 nise
722 3943 806 3995 seium
821 3940 970 3995 Proviuzen.
1142 3982 1144 3986 a
