2550 4350
76 285 211 346 «222222
282 281 324 331 an
343 279 584 332 excessuum
602 278 743 331 22222222
762 278 805 333 22.
826 283 867 333 22.
883 282 924 349 22.
940 282 981 333 22.
1096 267 1159 331 297

173 435 240 495 Non
264 433 415 494 omiserim
444 434 629 512 praesagium
653 433 768 509 'liberii¹
794 435 831 494 de
854 433 958 493 Servio
982 433 1071 494 Galba
1094 441 1157 495 tum

87 519 226 592 consule3
257 537 344 596 quem
367 519 490 580 accitum
513 531 542 580 22
563 519 689 580 diversis
718 518 907 580 sermonibus
929 526 1159 596 pertemptatum

88 614 242 684 postremo
267 603 386 664 Graecis
415 604 513 664 verbis
542 603 573 663 in
602 605 678 664 hanc
705 605 881 663 sententiam
914 602 1067 664 adlocutus
1097 614 1174 675 est:v

91 690 129 750 Et
151 697 192 761 tu,
217 687 317 760 Galba,
340 689 516 767 qrrandoque
531 689 701 766 degustabis
722 688 888 765 imperium,
912 706 1008 747 seram
1031 707 1065 748 22
1085 687 1159 748 bre·

63 785 155 835 5vem
178 774 339 851 polentiam
363 772 548 850 significans,
576 773 698 833 scientia
721 772 932 840 Chaldaeorum
955 773 1044 845 artis,
1074 773 1158 833 cuius

90 858 267 937 apiscendae
296 858 387 917 otium
417 867 487 936 aput
509 857 664 930 Rhodum,
696 856 868 934 magistrum
892 857 1080 927 Thrasullum
1102 857 1158 917 ha-

72 945 163 1014 buit,
187 942 322 1022 peritiam
347 942 410 1002 eius
433 942 490 1002 hoc
512 942 601 1001 modo
625 952 775 1021 expertus.
827 941 972 1013 Quotiens
996 960 1087 1020 super
1109 941 1210 1006 221221

90 1028 212 1105 negotio
235 1027 432 1097 consultaret,
463 1027 539 1086 edita
562 1027 669 1087 domus
692 1036 775 1105 parte
797 1045 831 1086 ac
851 1025 950 1086 liberti
973 1027 1060 1087 unius
1083 1044 1157 1086 con-

92 1113 214 1174 scientia
238 1112 384 1173 utebatur.
427 1111 457 1170 ls
480 1110 644 1172 litterarum
666 1111 797 1189 ignarus,
827 1126 953 1189 corpore
975 1110 1082 1182 valido,
1105 1129 1159 1188 per

52 1208 80 1258 to
92 1199 155 1258 2222
184 1215 219 1256 ac
245 1197 367 1273 derupta
399 1198 477 1268 (nam
508 1197 586 1255 saxis
616 1197 723 1256 domus
752 1195 897 1270 imminet)
929 1196 1064 1274 praeibat
1091 1193 1163 1262 eum

90 1283 173 1347 cuius
196 1291 288 1341 artem
312 1278 440 1359 experiri
463 1280 600 1341 Tiberius
623 1281 793 1352 statuisset,
817 1289 847 1340 et
868 1280 1099 1357 regredientem,
1132 1280 1159 1340 si

90 1366 227 1428 vanitatis
250 1375 301 1426 aut
322 1367 457 1425 fraudum
480 1366 610 1443 suspicio
633 1365 808 1438 incesserat,
836 1366 866 1424 in
890 1363 1054 1425 subiectum
1077 1383 1160 1426 mare

88 1450 317 1530 praecipitabat,
351 1469 389 1510 ne
417 1449 504 1509 index
533 1451 630 1509 arcani
662 1450 810 1519 existeret,
860 1449 955 1527 lgitur
983 1448 1158 1510 Thrasullus

91 1537 185 1597 isdem
208 1535 333 1612 rupibus
356 1534 493 1594 inductus
515 1545 672 1613 postquam
694 1532 914 1614 percontantem
948 1546 1158 1608 commoverat,

53 1632 81 1680 25
92 1621 250 1699 imperium
273 1620 331 1697 ipsi
355 1628 384 1679 et
404 1621 502 1679 lutura
526 1619 663 1679 sollerter
677 1620 876 1698 patefaciens,
899 1619 1099 1696 interrogatur
1121 1637 1158 1680 an

92 1723 176 1764 suam
206 1722 322 1781 quoque
352 1704 507 1780 genitalem
535 1704 638 1763 horam
663 1704 876 1784 comperissem
908 1722 994 1781 quem
1017 1713 1079 1764 tum
1102 1722 1157 1764 an·

92 1808 180 1860 num,
212 1789 325 1864 qualem
354 1789 431 1848 diem
454 1788 587 1849 haberet.
630 1788 682 1848 llle
704 1791 820 1867 positus
850 1788 980 1849 siderum
1010 1808 1043 1849 ac
1064 1789 1159 1867 spatia

94 1873 259 1944 dimensus,
281 1872 405 1934 haerere
428 1873 535 1952 primo,
557 1874 625 1934 dein
646 1892 820 1952 pavescere,
845 1882 874 1933 ct
896 1883 1038 1951 quantum
1060 1875 1159 1934 122222·

93 1958 236 2037 spiceret,
276 1958 368 2034 magis
403 1977 437 2019 22
473 1958 567 2035 magis
602 1959 735 2036 trepidus
764 1957 967 2018 admirationis
995 1967 1024 2017 et
1051 1968 1158 2033 metus,
1236 2008 1239 2017 .

51 2054 82 2104 20
91 2052 244 2123 postremo
271 2042 415 2103 ‘exclamat
444 2043 611 2120 ambiguum
642 2043 699 2104 sibi
722 2062 755 2102 22
776 2061 871 2122 prope
893 2043 1027 2103 ultimum
1050 2042 1159 2104 discri-

90 2147 159 2190 men
182 2127 304 2187 instare.
344 2127 420 2188 Tum
443 2129 614 2206 complexus
637 2146 704 2189 eum
728 2127 865 2188 Tiberius
889 2129 1054 2206 praescium
1076 2128 1159 2206 peri·
1222 2199 1225 2203 ¹

92 2214 225 2274 culorum
248 2223 277 2272 et
299 2211 514 2274 incolumeml
500 2215 564 2273 lore
586 2220 734 2290 gratatur,
764 2232 897 2291 quaeque
920 2212 1042 2281 dixerat,
1066 2212 1157 2295 oracli

91 2298 147 2358 vici
169 2296 328 2376 accipiens,
352 2297 430 2357 inter
450 2297 572 2358 intimos
594 2297 755 2358 amicorum
779 2307 868 2358 tenet.
911 2297 969 2357 Sed
992 2297 1064 2357 mihi
1087 2298 1211 2362 1222222

92 2402 126 2443 22
146 2382 213 2444 22122
235 2380 395 2441 audienti
388 2401 418 2441 tn
440 2383 553 2443 incerto
576 2381 716 2442 iudicium
744 2391 816 2455 222,
840 2385 938 2441 l'atone
966 2401 1015 2443 res
1045 2393 1157 2444 morta-

53 2468 167 2528 estium
199 2475 227 2527 22
255 2467 432 2528 necessitate
460 2466 633 2529 immutabili
662 2486 699 2527 an
728 2468 806 2542 12222
834 2466 995 2527 221222222.
1041 2467 1159 2547 Quippe

93 2551 327 2630 sapientissimos
364 2560 512 2625 veterum,
551 2552 659 2631 quique
686 2562 796 2612 sectam
825 2570 930 2611 eorum
963 2553 1157 2627 aemulantur,
1239 2610 1244 2618 .

93 2636 227 2695 diversos
256 2636 405 2714 reperias,
443 2655 476 2698 ac
504 2637 603 2698 multis
632 2637 749 2697 insitam
784 2636 954 2715 opinionem
984 2654 1045 2695 non
1075 2635 1158 2698 initia

96 2719 202 2792 nostri,
225 2738 285 2781 non
307 2724 406 2794 linem,
430 2736 491 2782 non
513 2723 639 2800 denique
660 2722 797 2782 homines
820 2721 867 2780 dis
883 2738 985 2793 curae,
1008 2721 1075 2780 ideo
1092 2740 1159 2783 cre-

90 2905 601 2971 2122212212213212122222212222222212
687 2910 710 2957 5
731 2904 931 2956 Chaldaeorum.
961 2904 987 2954 S.
1009 2920 1039 2953 zu
1059 2904 1089 2954 ll.
1100 2907 1166 2956 21.

89 2975 421 3025 222212222222292.612
466 2974 519 3023 Allo
546 2973 602 3022 (1222
687 2977 710 3023 6.
729 2979 796 3038 aput
812 2972 939 3023 lllrodum.
970 2973 996 3023 S
1018 2974 1085 3023 zul.
1100 2977 1125 3025 4.

91 3052 167 3092 neunt
191 3044 267 3092 der
257 3045 366 3106 pingere
391 3042 488 3093 Seneca
512 3041 598 3107 Epigr.
685 3037 734 3097 21.
753 3044 775 3093 9
796 3043 975 3091 litterarum
964 3056 1090 3106 ignarus,
1112 3042 1162 3093 wic

91 3115 144 3167 69
163 3127 193 3160 22
214 3126 304 3160 unsern
323 3111 462 3160 Passienus
478 3110 601 3174 Crispus:
651 3108 681 3159 ll
698 3111 739 3159 54.
770 3110 806 3158 Gr
825 3112 896 3159 nahm
915 3109 987 3159 22222
1005 3126 1069 3169 ganz
1088 3124 1164 3170 unge·

91 3178 213 3228 Muciana
230 3178 349 3240 lbcundo
367 3177 409 3228 221
425 3194 474 3227 aaa
490 3179 532 3227 uel
543 3178 602 3241 glo·
652 3177 761 3226 bildeten
780 3178 921 3235 llenschen,
948 3179 1026 3228 damit
1043 3195 1072 3228 er
1089 3179 1163 3228 hcine

89 3245 814 3312 212221.22222.221.2222.ΧΧ.26811.2222222222ιί2
844 3246 912 3296 scine
937 3246 1165 3309 Reschriltiguugon

126 3318 146 3365 l
166 3284 259 3364 Seruio
280 3312 370 3364 Galba.
409 3314 435 3362 S
456 3330 477 3362 c.
494 3317 530 3364 15.
653 3314 697 3361 ruit
716 3314 762 3361 den
782 3314 929 3375 Astrologen
950 3311 1029 3362 haben
1048 3314 1130 3363 sollte.

126 3385 149 3433 4.
189 3397 279 3432 aeram
314 3383 391 3431 durch
428 3381 601 3446 quandoque5
688 3381 727 3430 22.
746 3380 913 3442 sbregehdrt
931 3382 997 3431 bloss
1015 3380 1166 3430 22122212-

93 3451 195 3498 breoem
214 3451 291 3499 durch
302 3449 459 3513 degautabis.
480 3448 525 3497 Die
536 3465 566 3511 gr
567 3450 603 3498 ie
653 3463 736 3508 mern;
759 3463 789 3495 zu
813 3452 966 3512 praescium
983 3449 1164 3515 periculorum

91 3516 207 3565 chischen
226 3517 320 3567 Worte
343 3518 399 3566 siud
423 3518 542 3578 uirgunds
560 3533 602 3579 ge·
653 3517 687 3565 ist
705 3531 759 3564 erre
776 3531 807 3563 zu
826 3517 932 3565 denhen.

94 3583 1163 3650 22262221221222212228222.62224,23.222212222222221221221222222

95 3650 141 3698 der
156 3649 196 3698 die
209 3650 533 3730 Prophezciungldlschlich
548 3654 604 3702 deur
688 3647 737 3707 22.
756 3653 796 3702 26
814 3654 919 3715 raptant
920 3653 1022 3702 issr'mor
1040 3658 1165 3714 veternam,

95 3719 223 3777 Augustus
241 3721 396 3777 zuschroibt,
429 3717 475 3770 καὶ
498 3736 530 3770 aa
556 3721 604 3782 τῆς
656 3721 695 3770 2122
728 3719 845 3768 Griinder
874 3719 920 3766 der
951 3720 1166 3786 philosophischeu

93 3778 604 3934 ἶρνῆἵςῶαΐέιπᾶρῗοίᾱέξξης1222221220
656 3787 846 3906 seilleiriullia
889 3851 949 3901 11222
976 3853 1032 3904 22221
1050 3855 1090 3905 die
1108 3853 1168 3920 Epi·

91 3919 154 3976 νίας
170 3917 264 3989 γεύσῃ
654 3924 756 3974 12222222.
